2204 3469
154 303 205 343 14
361 304 490 342 THE
530 304 769 342 ROMAN
800 303 1353 343 PRONUNCJATJON
1388 304 1470 343 OF
1499 304 1715 344 LATJN.

224 444 422 492 Marius
450 444 750 493 Victorinus
789 461 907 509 says
946 445 1058 493 that
1093 442 1118 492 f
1156 461 1260 493 was
1299 445 1429 493 used
1467 444 1521 492 in
1560 444 1711 493 Latin
1747 446 1914 494 words

151 545 208 577 as
235 527 308 588 ph
335 528 387 576 in
413 528 629 592 foreign.

222 613 506 662 Diomedes
538 613 616 679 (of
641 613 728 661 the
754 614 931 661 fourth
958 614 1194 680 century)
1226 629 1343 679 says
1370 614 1458 662 the
1486 629 1627 662 same
1652 633 1661 661 :

223 740 370 798 [Diom.
419 749 515 782 Keil.
535 761 569 782 v.
591 750 619 782 1.
639 761 674 791 p.
695 741 794 798 422.]
867 738 923 782 Id
947 739 1036 783 hoc
1062 739 1181 783 scire
1206 738 1432 783 debemus
1451 738 1577 796 quod
1600 738 1623 783 f
1644 737 1798 783 littera
1816 746 1913 783 tum

151 816 368 860 scribitur
392 831 498 860 cum
525 817 692 859 Latina
716 817 859 860 dictio
894 816 1125 870 scribitur,
1152 824 1202 860 ut
1211 817 1363 874 felix.
1435 818 1561 859 Nam
1595 816 1636 860 si
1668 817 1915 876 peregrina

149 894 300 947 fuerit,
327 906 359 951 p
383 901 429 937 et
451 895 484 938 h
507 893 768 947 scribimus,
795 900 845 937 ut
867 893 1100 947 Phoebus,
1127 894 1394 938 Phaethon.

220 1029 342 1077 And
371 1028 602 1077 Priscian
631 1029 810 1076 makes
839 1045 869 1076 a
896 1028 1090 1077 similar
1118 1036 1431 1078 statement:

228 1157 363 1214 [Prisc‚
412 1165 507 1198 Keil.
527 1177 560 1198 v.
582 1166 611 1198 Ι.
631 1157 759 1214 p.35.]
827 1155 865 1199 F
904 1154 1060 1198 multis
1100 1154 1252 1198 modis
1288 1161 1416 1198 muta
1451 1155 1602 1212 magis
1639 1155 1911 1209 ostenditur,

150 1246 256 1276 cum
279 1246 364 1289 pro
388 1244 420 1289 p
445 1239 491 1276 et
515 1232 812 1289 aspiratione,
840 1246 960 1290 quae
985 1232 1195 1276 similiter
1219 1239 1348 1276 muta
1372 1239 1455 1286 est,
1483 1232 1720 1290 accipitur.

221 1372 373 1418 From
400 1371 488 1418 the
515 1371 780 1434 following
799 1371 966 1419 words
995 1372 1049 1418 of
1076 1371 1365 1432 Quintilian
1392 1387 1467 1419 we
1495 1387 1612 1436 may
1636 1371 1795 1436 judge
1824 1371 1912 1420 the

148 1455 426 1518 breathing
452 1463 504 1503 to
531 1455 662 1504 have
689 1455 824 1503 been
853 1455 994 1518 quite
1022 1456 1361 1518 pronounced
1383 1475 1391 1504 :

229 1582 379 1640 [Quint.
396 1591 488 1623 XII.
508 1602 540 1623 x.
561 1582 638 1639 29.]
711 1582 837 1623 Nam
863 1587 908 1624 et
932 1580 1009 1623 illa
1038 1595 1159 1638 quae
1193 1588 1263 1625 est
1291 1588 1424 1624 sexta
1459 1588 1735 1634 nostrarum,
1761 1595 1912 1638 paene

149 1672 243 1701 non
277 1658 484 1701 humana
517 1672 647 1711 voce,
673 1658 747 1701 vel
782 1659 972 1702 omnino
1008 1673 1102 1702 non
1136 1673 1265 1712 voce,
1302 1659 1458 1715 potius
1493 1659 1611 1702 inter
1645 1658 1914 1702 discrimina

149 1735 359 1778 dentium
396 1735 597 1778 efflanda
638 1742 722 1789 est,
760 1750 881 1793 quae
919 1736 1059 1779 etiam
1099 1750 1205 1780 cum
1243 1736 1456 1780 vocalem
1491 1736 1705 1792 proxima
1742 1736 1914 1793 accipit

148 1827 322 1870 quassa
357 1812 720 1870 quodammodo,
748 1814 905 1871 utique
930 1814 1146 1871 quotiens
1179 1813 1383 1871 aliquam
1418 1820 1758 1858 consonantem
1790 1813 1913 1857 fran-

146 1890 228 1948 git,
255 1897 305 1933 ut
328 1890 375 1932 in
399 1890 488 1934 hoc
513 1890 615 1947 ipso
626 1892 848 1950 frangit,
874 1891 1020 1935 multo
1045 1891 1096 1935 fit
1119 1891 1363 1935 horridior.

217 2037 280 2099 G,
311 2055 378 2087 no
414 2039 518 2088 less
554 2040 681 2088 than
716 2052 762 2100 c,
793 2056 1013 2103 appears
1051 2048 1104 2088 to
1144 2041 1275 2089 have
1313 2041 1417 2089 had
1454 2041 1548 2089 but
1586 2056 1685 2089 one
1724 2040 1908 2101 sound,

147 2124 235 2172 the
262 2124 406 2183 hard,
438 2140 493 2172 as
522 2124 573 2171 in
602 2125 689 2172 the
719 2125 937 2188 English
964 2125 1104 2173 word
1123 2133 1217 2187 get.

226 2251 341 2308 [Mar.
362 2260 455 2292 vict.
504 2260 599 2293 Keil.
619 2272 650 2293 v.
671 2261 737 2293 VI.
757 2272 791 2302 p.
811 2252 889 2309 32.]
958 2250 991 2295 C
1015 2251 1155 2294 etiam
1180 2257 1225 2294 et
1247 2262 1296 2308 g,
1319 2257 1369 2294 ut
1391 2264 1534 2308 supra
1557 2251 1772 2307 scriptae,
1793 2265 1911 2295 sono

147 2326 401 2383 proximae,
429 2327 522 2370 oris
557 2327 794 2371 molimine
830 2328 1026 2385 nisuque
1061 2328 1354 2371 dissentiunt.
1427 2330 1552 2371 Nam
1576 2340 1600 2373 c
1623 2328 1814 2372 reducta
1848 2328 1910 2371 in-

147 2410 349 2446 trorsum
383 2403 557 2461 lingua,
584 2404 692 2448 hinc
729 2412 870 2462 atque
905 2405 1014 2448 hinc
1050 2405 1250 2449 molares
1283 2419 1468 2463 urgens,
1495 2405 1766 2449 haerentem
1790 2405 1911 2449 intra

147 2494 200 2523 os
225 2495 392 2524 sonum
415 2482 545 2525 vocis
569 2481 776 2525 excludit
798 2498 806 2526 ε
842 2494 874 2539 g
897 2482 991 2525 vim
1017 2482 1198 2539 prioris,
1225 2483 1326 2539 pari
1349 2482 1536 2540 linguae
1565 2482 1729 2527 habitu
1751 2482 1910 2542 palato

147 2571 418 2615 suggerens,
445 2557 593 2602 lenius
617 2559 781 2603 reddit.

219 2706 502 2754 Diomedes
542 2708 731 2770 speaks
768 2709 822 2756 of
855 2720 888 2768 g
924 2725 979 2756 as
1017 2725 1046 2755 a
1077 2725 1188 2756 new
1214 2717 1519 2769 consonant,
1549 2710 1722 2758 whose
1760 2709 1908 2773 place

146 2790 250 2838 had
277 2790 458 2838 earlier
484 2792 618 2839 been
646 2792 786 2840 filled
813 2793 882 2857 by
907 2805 961 2840 c:

224 2918 343 2973 [Keil.
363 2938 396 2959 v.
419 2927 446 2958 1.
467 2938 501 2967 p.
522 2919 618 2975 423.]
678 2917 717 2962 G
740 2931 865 2961 nova
884 2924 954 2961 est
973 2932 1254 2971 consonans,
1276 2919 1323 2960 in
1347 2918 1478 2976 cujus
1501 2919 1654 2962 locum
1677 2931 1701 2963 c
1724 2918 1909 2962 solebat

147 2992 334 3048 adponi,
362 2993 483 3036 sicut
506 2993 739 3050 hodieque
775 3009 881 3038 cum
916 2995 1088 3038 Gaium
1123 3003 1339 3039 notamus
1367 2997 1633 3049 Caesarem,
1659 2995 1906 3039 scribimus

144 3069 194 3114 C.
217 3069 288 3124 C.‚
317 3069 514 3126 ideoque
550 3071 691 3113 etiam
717 3078 825 3127 post
847 3072 876 3115 b
899 3071 1114 3124 litteram,
1142 3072 1188 3115 id
1214 3080 1285 3115 est
1308 3073 1444 3116 tertio
1468 3072 1586 3125 loco,
1613 3072 1798 3130 digesta
1820 3079 1903 3126 est,

145 3152 195 3188 ut
220 3146 344 3202 apud
370 3147 580 3190 Graecos
604 3164 633 3199 γ
658 3149 812 3205 posita
837 3149 1062 3205 reperitur
1087 3149 1133 3191 in
1158 3163 1212 3193 eo
1237 3149 1357 3193 loco.
