2204 3469
768 313 917 353 WHY
954 313 1048 353 WE
1093 313 1211 354 USE
1248 315 1329 355 JT.
1867 318 1917 360 13

168 453 255 500 the
300 459 551 516 contrary,
592 453 749 500 touch
793 452 831 500 it
876 469 933 501 so
978 453 1159 518 lightly
1194 455 1307 502 that
1346 456 1493 504 when
1531 456 1618 504 the
1658 456 1918 522 following

168 536 307 584 word
333 535 514 599 begins
542 535 662 583 with
689 548 714 583 c
740 552 838 601 you
866 537 989 584 hear
1014 537 1107 585 but
1133 554 1163 585 a
1189 537 1353 602 single
1380 551 1433 586 c:

245 652 364 707 [Keil.
385 669 416 690 v.
438 658 480 689 V.
507 668 541 698 p.
569 648 666 705 394]
742 647 860 689 Item
895 646 1096 690 litteram
1129 660 1153 693 c
1187 648 1376 705 quidam
1421 649 1467 692 in
1504 650 1786 707 quibusdam
1826 652 1917 696 dic-

167 725 370 769 tionibus
406 740 498 769 non
534 724 672 767 latine
700 725 923 778 ecferunt,
951 725 1033 768 sed
1058 726 1122 769 ita
1147 740 1316 779 crasse,
1342 733 1392 770 ut
1415 740 1508 770 non
1531 727 1771 771 discernas
1805 730 1916 786 quid

166 802 349 846 dicant:
386 810 435 846 ut
456 809 569 859 puta
595 802 739 858 siquis
759 801 884 845 dicat
906 804 974 845 sic
997 803 1137 856 ludit,
1160 803 1224 846 ita
1247 803 1336 847 hoc
1360 803 1562 861 loquitur
1585 811 1634 848 ut
1651 812 1786 862 putes
1811 820 1915 850 eum

166 880 211 922 in
245 880 452 923 secunda
486 886 616 936 parte
652 879 875 922 orationis
907 880 1094 923 cludere
1121 880 1306 934 dixisse,
1333 895 1425 924 non
1454 881 1642 925 ludere:
1677 890 1721 926 et
1744 883 1853 926 item
1877 884 1915 926 si

165 963 326 1000 contra
364 957 489 1000 dicat
526 956 638 999 illud
673 956 955 1000 contrarium
994 956 1194 1013 putabis.
1262 957 1355 1000 Alii
1391 965 1554 1001 contra
1587 958 1652 1001 ita
1686 959 1916 1003 subtiliter

164 1033 252 1077 hoc
283 1034 506 1085 ecferunt,
535 1040 584 1076 ut
608 1047 712 1077 cum
742 1033 834 1076 duo
857 1045 881 1078 c
904 1033 1123 1086 habeant,
1151 1033 1406 1078 desinentis
1439 1035 1604 1091 prioris
1637 1036 1783 1092 partis
1817 1050 1915 1080 ora-

163 1110 302 1153 tionis
338 1117 382 1154 et
418 1110 678 1166 incipientis
711 1110 910 1162 alteriUS,
937 1110 1003 1153 sic
1038 1110 1288 1167 loquantur
1319 1112 1451 1169 quasi
1485 1126 1578 1156 uno
1611 1124 1635 1157 c
1669 1119 1914 1170 utrumque

164 1187 406 1244 explicent,
434 1194 483 1230 ut
507 1187 669 1230 dicunt
693 1187 822 1230 multi
845 1188 913 1230 sic
935 1188 1154 1231 custodit.

232 1305 298 1366 D,
335 1306 387 1353 in
424 1306 648 1370 general,
688 1306 730 1354 is
768 1307 1105 1369 pronounced
1145 1323 1201 1355 as
1240 1307 1292 1354 in
1333 1307 1564 1371 English,
1593 1317 1775 1372 except
1800 1309 1912 1358 that

161 1391 248 1439 the
276 1399 468 1453 tongue
496 1390 683 1438 should
709 1390 865 1438 touch
890 1391 978 1438 the
1004 1390 1146 1439 teeth
1173 1391 1344 1439 rather
1370 1391 1496 1439 than
1522 1392 1609 1440 the
1635 1393 1821 1456 palate.

239 1503 425 1560 [Pompei.
476 1512 613 1544 Comm.
631 1511 686 1544 ad
697 1512 831 1544 Donat.
882 1511 977 1545 Keil.
998 1523 1031 1545 v.
1050 1513 1116 1545 VI.
1135 1523 1170 1553 p.
1190 1504 1266 1561 32.]
1345 1502 1387 1546 D
1412 1509 1565 1545 autem
1600 1509 1644 1546 et
1676 1507 1700 1547 t
1727 1502 1908 1560 quibUS,

162 1585 210 1621 ut
234 1578 298 1621 ita
322 1577 528 1630 dixerim,
556 1578 685 1621 vocis
709 1578 925 1621 vicinitas
961 1578 1194 1635 quaedam
1230 1585 1312 1631 est,
1338 1578 1523 1635 linguae
1558 1578 1821 1623 sublatione
1856 1594 1910 1623 ac

160 1655 391 1711 positione
417 1655 774 1712 distinguuntur.
845 1657 970 1697 Nam
1006 1669 1112 1698 cum
1146 1669 1354 1698 summos
1388 1663 1526 1713 atque
1555 1656 1672 1699 imos
1696 1656 1911 1714 conjunc-

161 1732 243 1774 tim
271 1731 435 1775 dentes
459 1745 677 1788 suprema
701 1732 771 1775 sui
794 1738 926 1788 parte
949 1732 1203 1788 pulsaverit
1219 1732 1250 1776 d
1272 1731 1472 1776 litteram
1497 1733 1722 1789 exprimit.
1789 1735 1910 1789 Quo-

160 1808 280 1851 tiens
318 1815 473 1851 autem
508 1808 761 1851 sublimata
799 1816 992 1865 partem,
1035 1822 1128 1866 qua
1172 1809 1352 1865 superis
1396 1809 1614 1853 dentibus
1654 1816 1725 1854 est
1762 1810 1906 1868 origo,

161 1885 407 1942 contigerit
427 1890 451 1929 t
474 1899 641 1928 sonare
664 1885 795 1929 vocis
821 1884 1086 1942 explicabit.

230 2006 327 2052 But
352 2005 498 2052 when
527 2004 722 2052 certain
749 2006 916 2053 words
943 2005 994 2052 in
1022 2021 1261 2053 common
1296 2021 1388 2053 use
1423 2005 1617 2070 ending
1641 2006 1693 2053 in
1720 2005 1754 2055 d
1778 2022 1908 2055 were

156 2088 397 2137 followed
434 2089 503 2153 by
528 2089 695 2136 words
733 2089 1017 2152 beginning
1040 2089 1162 2137 with
1201 2105 1231 2136 a
1268 2097 1572 2150 consonant,
1612 2090 1700 2138 the
1739 2091 1908 2139 sound

158 2173 211 2220 of
247 2173 334 2220 the
373 2171 406 2220 d
441 2188 544 2220 was
589 2172 881 2235 sharpened
919 2181 972 2221 to
1008 2175 1067 2232 t3
1122 2173 1225 2220 and
1270 2173 1459 2221 indeed
1502 2174 1589 2221 the
1627 2175 1767 2222 word
1803 2190 1907 2222 was

157 2256 315 2316 often,
357 2255 636 2320 especially
667 2256 737 2320 by
761 2257 849 2304 the
888 2256 1070 2304 earlier
1106 2255 1313 2316 writers,
1350 2256 1549 2304 written
1589 2257 1709 2304 with
1746 2259 1790 2317 t,
1832 2274 1903 2318 as,

154 2340 235 2387 for
260 2339 508 2399 instance,
537 2347 615 2399 set,
643 2341 782 2399 haut,
812 2347 970 2401 aput.-

234 2452 349 2508 [Mar.
379 2461 472 2493 Vict.
505 2461 534 2492 Ι.
566 2461 615 2493 iii.
646 2452 721 2509 50.]
802 2450 843 2494 D
889 2457 1044 2493 tamen
1088 2450 1289 2494 litteram
1333 2458 1581 2494 conservat
1624 2452 1663 2494 si
1707 2466 1906 2509 sequens

156 2526 348 2569 verbum
383 2527 575 2582 incipiat
609 2540 636 2568 a
669 2527 849 2580 vocali3
885 2534 935 2570 ut
967 2527 1109 2570 haud
1133 2528 1283 2571 aliter
1308 2542 1508 2580 muros:
1543 2535 1589 2571 et
1617 2528 1757 2571 haud
1778 2530 1907 2585 equi-

156 2603 273 2645 dem.
343 2604 410 2646 At
446 2617 550 2646 cum
586 2602 780 2646 verbum
826 2617 853 2646 a
896 2610 1184 2647 consonante
1219 2604 1392 2660 incipit,
1429 2604 1459 2648 d
1496 2604 1660 2660 perdit,
1697 2611 1746 2647 ut
1782 2605 1907 2649 haut

155 2679 355 2749 duflum,
382 2686 427 2723 et
449 2680 572 2723 haut
595 2681 821 2733 multum,
848 2687 893 2723 et
915 2680 1040 2724 haut
1051 2681 1305 2737 placitura
1330 2682 1492 2738 refert,
1520 2687 1565 2723 et
1587 2680 1764 2724 inducit
1786 2686 1825 2726 t.

225 2798 268 2846 F
306 2800 348 2847 is
387 2801 724 2862 pronounced
762 2816 818 2848 as
858 2800 908 2847 in
951 2800 1165 2863 English
1204 2808 1387 2863 except
1413 2801 1526 2848 that
1553 2800 1590 2848 it
1617 2801 1804 2849 should
1837 2802 1903 2850 be

154 2883 378 2946 brought
404 2892 492 2931 out
519 2899 658 2931 more
684 2883 918 2948 forcibly,
949 2883 1071 2931 with
1097 2899 1237 2931 more
1264 2884 1460 2931 breath.

232 2985 352 3042 [Keil.
370 3005 403 3026 v.
423 2994 489 3026 V1.
508 3005 542 3034 p.
563 2985 639 3041 32.]
696 2983 734 3027 F
750 2983 951 3026 litteram
975 2983 1116 3026 imum
1140 2982 1314 3026 labium
1338 2983 1516 3039 superis
1535 2984 1904 3040 imprimentibus

155 3058 383 3111 dentibus,
423 3059 595 3102 reflexa
635 3059 694 3102 ad
729 3059 874 3116 palati
912 3059 1154 3117 fastigium
1187 3059 1357 3117 lingua,
1394 3059 1485 3102 leni
1517 3060 1769 3117 spiramine
1803 3075 1903 3119 pro-

154 3134 369 3179 feremus.
