2204 3469
212 299 267 341 28
424 303 553 342 THE
592 304 834 343 ROMAN
863 304 1419 344 PRONUNCIATION
1454 306 1535 344 OF
1566 306 1781 344 LATJN.

285 443 486 491 Marius
514 443 814 492 Victorinus
853 445 973 493 thus
1007 453 1113 493 sets
1148 446 1289 493 forth
1316 446 1403 493 the
1432 445 1714 494 difference
1746 447 1981 495 between

213 538 239 574 S
267 528 371 575 and
397 541 438 574 x
468 527 595 594 (cs):

287 643 406 701 [Keil.
423 666 456 687 v.
473 655 537 688 VI.
557 666 592 696 p.
611 647 689 704 32.]
763 645 948 690 Dehinc
973 646 1094 690 duae
1119 660 1380 703 supremae,
1406 660 1431 691 s
1456 654 1501 690 et
1522 661 1572 703 x,
1593 646 1692 705 jure
1715 646 1980 705 junguntur.

215 722 341 763 Nam
376 721 532 764 vicino
568 722 687 765 inter
721 737 771 766 se
807 737 977 767 sonore
1013 730 1214 767 attracto
1249 723 1442 767 sibilant
1475 725 1606 778 rictu,
1645 725 1710 768 ita
1743 731 1901 768 tamen
1941 725 1982 768 si

211 798 377 855 prioris
425 799 544 842 ictus
589 813 712 856 pone
758 799 922 843 dentes
970 801 1198 844 excitatus
1245 801 1305 844 ad
1351 801 1555 845 medium
1601 802 1717 845 lenis
1765 802 1978 859 agitetur,

211 877 449 934 sequentis
487 884 644 920 autem
680 891 841 921 crasso
877 878 1043 934 spiritu
1078 878 1315 935 hispidum
1350 886 1499 933 sonet,
1527 880 1637 937 quia
1659 893 1742 936 per
1765 878 1981 937 conjunc-

210 956 386 999 tionem
411 967 434 1000 c
459 963 504 998 et
529 968 570 1010 s,
600 969 797 1012 quarum
834 963 879 999 et
913 955 1068 999 locum
1103 956 1265 1013 implet
1299 963 1344 1000 et
1378 942 1486 1000 vim·
1507 957 1734 1013 exprimit,
1763 963 1812 1000 ut
1838 971 1981 1000 sensu

212 1033 393 1077 aurium
418 1033 654 1086 ducemur,
684 1032 889 1076 efficitur.

284 1171 538 1228 Donatus,
571 1168 852 1231 according
878 1176 931 1216 to
955 1168 1249 1231 Pompeius,
1274 1169 1562 1231 complains
1590 1169 1644 1217 of
1669 1169 1756 1217 the
1779 1170 1979 1217 Greeks

211 1270 268 1301 as
296 1252 558 1316 sounding
584 1253 672 1300 the
701 1264 727 1300 S
753 1260 843 1300 too
869 1252 1045 1317 feebly
1069 1272 1077 1300 :

287 1372 407 1428 [Keil.
428 1391 462 1412 v.
482 1380 524 1411 V.
545 1390 580 1420 p.
599 1370 698 1427 394]
771 1369 890 1411 Item
916 1382 940 1412 s
964 1367 1168 1412 litteram
1195 1370 1368 1413 Graeci
1404 1369 1582 1413 exiliter
1614 1370 1826 1413 ecferunt
1861 1369 1980 1414 adeo

211 1455 260 1490 ut
285 1461 391 1490 cum
417 1445 579 1489 dicunt
590 1447 753 1502 jussit
775 1460 858 1502 per
882 1459 1026 1489 unum
1051 1459 1075 1490 s
1100 1445 1253 1489 dicere
1280 1446 1533 1489 existimas.

280 1581 409 1629 This
454 1580 624 1628 would
669 1580 896 1628 indicate
941 1581 1054 1629 that
1097 1581 1184 1629 the
1233 1582 1466 1629 Romans
1510 1582 1851 1644 pronounced
1890 1582 1978 1630 the

209 1666 421 1715 sibilant
450 1664 731 1729 distinctly,
752 1673 923 1729 —yet
950 1673 1041 1713 not
1067 1673 1155 1713 too
1184 1665 1565 1729 emphatically,
1587 1665 1667 1712 for
1689 1665 1978 1725 Quintilian

209 1767 343 1815 says,
377 1750 493 1798 ‘the
539 1757 731 1797 master
769 1749 824 1796 of
861 1748 942 1796 his
982 1757 1059 1797 art
1101 1749 1178 1814 (of
1215 1749 1492 1815 speaking)
1532 1748 1632 1796 will
1671 1756 1761 1797 not
1797 1750 1980 1815 fondly

208 1835 428 1898 prolong
455 1850 511 1881 or
539 1834 678 1898 dally
703 1833 826 1881 with
853 1833 934 1881 his
962 1834 1016 1881 S'
1042 1853 1050 1881 z

284 1950 431 2008 [Quint.
455 1953 623 2011 1.xi.6.]
693 1950 767 1992 Ne
808 1948 911 1991 illas
957 1948 1147 2005 quidem
1187 1949 1313 1992 circa
1354 1962 1378 1993 s
1417 1948 1619 1992 litteram
1666 1949 1858 1992 delicias
1903 1948 1977 1992 hic

208 2028 431 2086 magister
454 2027 585 2070 feret.

277 2161 320 2209 T
347 2162 389 2210 is
417 2161 759 2224 pronounced
799 2160 901 2207 like
942 2161 1028 2208 the
1071 2159 1286 2223 English
1312 2162 1337 2207 t
1362 2176 1503 2223 pure,
1534 2168 1718 2223 except
1744 2161 1857 2208 that
1890 2161 1979 2209 the

207 2255 399 2310 tongue
430 2245 618 2294 should
647 2245 910 2308 approach
937 2245 1024 2292 the
1053 2244 1196 2292 teeth
1223 2260 1364 2292 more
1393 2245 1581 2309 nearly.

283 2358 469 2416 [Pompei.
521 2369 659 2401 Comm.
679 2367 881 2399 adDonat.
930 2366 1026 2399 Keil.
1046 2378 1079 2399 v.
1100 2366 1164 2399 VI.
1185 2377 1219 2408 p.
1240 2360 1315 2418 32.]
1381 2356 1423 2400 D
1459 2363 1614 2399 autem
1647 2363 1693 2400 et
1721 2362 1762 2412 t,
1790 2356 1974 2414 qUibUS,

207 2443 257 2480 ut
281 2436 345 2479 ita
369 2434 580 2486 dixerim,
610 2433 741 2476 vocis
766 2433 984 2476 vicinitas
1019 2432 1251 2490 quaedam
1288 2441 1370 2486 est,
1397 2433 1586 2490 linguae
1621 2433 1884 2497 sublatione
1921 2447 1975 2476 ac

206 2512 438 2569 positione
464 2511 826 2567 distinguuntur.
900 2511 1025 2552 Nam
1061 2524 1166 2553 cum
1201 2524 1409 2554 summos
1446 2518 1584 2568 atque
1613 2510 1733 2554 imos
1759 2509 1975 2567 conjunc-

207 2590 288 2633 tim
313 2589 477 2633 dentes
504 2602 723 2645 suprema
749 2601 835 2630 sua
853 2595 986 2644 parte
1006 2587 1262 2644 pulsaverit
1284 2588 1314 2632 d
1337 2587 1541 2631 litteram
1566 2588 1793 2644 exprimit.
1853 2587 1976 2641 Quo-

206 2668 325 2710 tiens
373 2674 527 2710 autem
576 2666 831 2709 sublimata
877 2672 1059 2722 partem
1105 2678 1197 2721 qua
1242 2665 1422 2721 superis
1469 2663 1687 2708 dentibus
1734 2670 1804 2707 est
1842 2664 1975 2721 07*ng

207 2744 466 2802 contigerit,
494 2749 519 2789 t
544 2757 711 2787 sonore
735 2743 865 2786 vocis
891 2741 1157 2799 explicabit.

279 2881 431 2927 From
460 2879 547 2926 the
577 2895 717 2926 same
745 2878 914 2926 writer
939 2893 1013 2925 we
1042 2877 1183 2924 learn
1210 2877 1322 2924 that
1349 2892 1493 2924 some
1519 2876 1859 2938 pronounced
1885 2875 1973 2923 the

205 2966 230 3010 t
256 2971 345 3010 too
373 2962 590 3026 heavily‚
622 2961 798 3025 giving
825 2961 862 3009 it
890 2977 919 3008 a
949 2960 1122 3009 ‘thick
1149 2960 1371 3007 sound':

285 3078 402 3135 [Keil.
423 3100 456 3120 v.
476 3088 519 3120 V.
539 3099 573 3129 p.
595 3081 691 3138 394]
760 3077 885 3119 Ecce
923 3076 968 3118 in
1003 3076 1156 3119 littera
1177 3081 1202 3120 t
1227 3075 1367 3132 aliqui
1392 3075 1457 3118 ita
1479 3075 1652 3132 pingue
1678 3075 1836 3117 nescio
1861 3072 1973 3130 quid

210 3162 393 3208 sonant,
421 3161 471 3197 ut
495 3168 601 3197 cum
625 3153 787 3197 dicunt
810 3154 957 3197 etiam
985 3152 1100 3195 nihil
1124 3152 1181 3196 de
1207 3152 1361 3195 media
1385 3151 1570 3210 syllaba
1593 3151 1864 3209 infringant.
