<?xml version="1.0" encoding="UTF-8"?>
<!DOCTYPE html PUBLIC "-//W3C//DTD XHTML 1.0 Transitional//EN"
    "http://www.w3.org/TR/xhtml1/DTD/xhtml1-transitional.dtd">
<html xmlns="http://www.w3.org/1999/xhtml" xml:lang="en" lang="en">
 <head>
  <title>
</title>
<meta http-equiv="Content-Type" content="text/html;charset=utf-8" />
  <meta name='ocr-system' content='tesseract 3.04.00' />
  <meta name='ocr-capabilities' content='ocr_page ocr_carea ocr_par ocr_line ocrx_word'/>
</head>
<body>
  <div class='ocr_page' id='page_1' title='image "./romanpronunciati00lord_0038.png"; bbox 0 0 2204 3469; ppageno 0'>
   <div class='ocr_carea' id='block_1_1' title="bbox 217 291 1788 332">
    <p class='ocr_par' dir='ltr' id='par_1_1' title="bbox 217 291 1788 332">
     <span class='ocr_line' id='line_1_1' title="bbox 217 291 1788 332; baseline -0.001 0"><span class='ocrx_word' id='word_1_1' title='bbox 217 291 273 332; x_wconf 87' lang='grc'>30</span> <span class='ocrx_word' id='word_1_2' title='bbox 428 293 558 332; x_wconf 81' lang='lat' dir='ltr'>THE</span> <span class='ocrx_word' id='word_1_3' title='bbox 598 293 839 331; x_wconf 86' lang='lat' dir='ltr'><em>ROMAN</em></span> <span class='ocrx_word' id='word_1_4' title='bbox 868 293 1424 332; x_wconf 82' lang='lat' dir='ltr'><em>PRONUNCIATION</em></span> <span class='ocrx_word' id='word_1_5' title='bbox 1459 294 1540 332; x_wconf 89' lang='lat' dir='ltr'>OF</span> <span class='ocrx_word' id='word_1_6' title='bbox 1572 294 1788 332; x_wconf 84' lang='lat' dir='ltr'><em>LATJN.</em></span> 
     </span>
    </p>
   </div>
   <div class='ocr_carea' id='block_1_2' title="bbox 290 433 1985 498">
    <p class='ocr_par' dir='ltr' id='par_1_2' title="bbox 290 433 1985 498">
     <span class='ocr_line' id='line_1_2' title="bbox 290 433 1985 498; baseline 0.001 -17"><span class='ocrx_word' id='word_1_7' title='bbox 290 435 389 481; x_wconf 89' lang='lat' dir='ltr'>But</span> <span class='ocrx_word' id='word_1_8' title='bbox 415 449 490 480; x_wconf 89' lang='lat' dir='ltr'>we</span> <span class='ocrx_word' id='word_1_9' title='bbox 518 450 603 480; x_wconf 92' lang='lat' dir='ltr'>are</span> <span class='ocrx_word' id='word_1_10' title='bbox 632 433 899 498; x_wconf 84' lang='lat' dir='ltr'>expressly</span> <span class='ocrx_word' id='word_1_11' title='bbox 924 433 1036 481; x_wconf 90' lang='lat' dir='ltr'>told</span> <span class='ocrx_word' id='word_1_12' title='bbox 1061 434 1174 481; x_wconf 90' lang='lat' dir='ltr'>that</span> <span class='ocrx_word' id='word_1_13' title='bbox 1201 433 1239 482; x_wconf 91' lang='lat' dir='ltr'>it</span> <span class='ocrx_word' id='word_1_14' title='bbox 1265 434 1368 481; x_wconf 88' lang='lat' dir='ltr'>had</span> <span class='ocrx_word' id='word_1_15' title='bbox 1395 434 1483 482; x_wconf 94' lang='lat' dir='ltr'>the</span> <span class='ocrx_word' id='word_1_16' title='bbox 1508 433 1652 482; x_wconf 77' lang='lat' dir='ltr'>force</span> <span class='ocrx_word' id='word_1_17' title='bbox 1680 434 1784 482; x_wconf 93' lang='lat' dir='ltr'>and</span> <span class='ocrx_word' id='word_1_18' title='bbox 1816 435 1985 483; x_wconf 92' lang='lat' dir='ltr'>sound</span> 
     </span>
    </p>
   </div>
   <div class='ocr_carea' id='block_1_3' title="bbox 218 517 1175 650">
    <p class='ocr_par' dir='ltr' id='par_1_3' title="bbox 218 517 1175 650">
     <span class='ocr_line' id='line_1_3' title="bbox 218 517 880 578; baseline 0.002 -13"><span class='ocrx_word' id='word_1_19' title='bbox 218 518 273 565; x_wconf 82' lang='lat' dir='ltr'>of</span> <span class='ocrx_word' id='word_1_20' title='bbox 297 518 386 565; x_wconf 92' lang='lat' dir='ltr'>the</span> <span class='ocrx_word' id='word_1_21' title='bbox 415 517 589 566; x_wconf 81' lang='lat' dir='ltr'><strong>Greek</strong></span> <span class='ocrx_word' id='word_1_22' title='bbox 615 519 880 578; x_wconf 62' lang='lat' dir='ltr'>degamma.</span> 
     </span>
     <span class='ocr_line' id='line_1_4' title="bbox 289 601 1175 650; baseline 0.002 -2"><span class='ocrx_word' id='word_1_23' title='bbox 289 603 351 648; x_wconf 88' lang='lat' dir='ltr'>In</span> <span class='ocrx_word' id='word_1_24' title='bbox 381 601 580 649; x_wconf 90' lang='lat' dir='ltr'>Marius</span> <span class='ocrx_word' id='word_1_25' title='bbox 607 601 909 650; x_wconf 84' lang='lat' dir='ltr'>Victorinus</span> <span class='ocrx_word' id='word_1_26' title='bbox 936 618 1010 650; x_wconf 93' lang='lat' dir='ltr'>we</span> <span class='ocrx_word' id='word_1_27' title='bbox 1037 603 1175 650; x_wconf 91' lang='lat' dir='ltr'>find:</span> 
     </span>
    </p>
   </div>
   <div class='ocr_carea' id='block_1_4' title="bbox 217 711 1983 926">
    <p class='ocr_par' dir='ltr' id='par_1_4' title="bbox 217 711 1983 926">
     <span class='ocr_line' id='line_1_5' title="bbox 291 711 1983 775; baseline 0.001 -19"><span class='ocrx_word' id='word_1_28' title='bbox 291 711 410 770; x_wconf 83' lang='lat' dir='ltr'>[Keil.</span> <span class='ocrx_word' id='word_1_29' title='bbox 430 735 463 756; x_wconf 91' lang='lat' dir='ltr'>v.</span> <span class='ocrx_word' id='word_1_30' title='bbox 483 724 548 756; x_wconf 88' lang='lat' dir='ltr'>VI.</span> <span class='ocrx_word' id='word_1_31' title='bbox 568 735 603 765; x_wconf 91' lang='lat' dir='ltr'>p.</span> <span class='ocrx_word' id='word_1_32' title='bbox 623 717 700 775; x_wconf 86' lang='lat'>23.]</span> <span class='ocrx_word' id='word_1_33' title='bbox 769 714 806 755; x_wconf 87' lang='lat' dir='ltr'><strong>F</strong></span> <span class='ocrx_word' id='word_1_34' title='bbox 842 720 998 756; x_wconf 89' lang='lat' dir='ltr'>autem</span> <span class='ocrx_word' id='word_1_35' title='bbox 1035 713 1160 770; x_wconf 89' lang='lat' dir='ltr'>apud</span> <span class='ocrx_word' id='word_1_36' title='bbox 1197 713 1360 757; x_wconf 90' lang='lat' dir='ltr'>Aeolis</span> <span class='ocrx_word' id='word_1_37' title='bbox 1395 713 1639 757; x_wconf 84' lang='lat' dir='ltr'>dumtaxat</span> <span class='ocrx_word' id='word_1_38' title='bbox 1672 712 1798 757; x_wconf 89' lang='lat' dir='ltr'>idem</span> <span class='ocrx_word' id='word_1_39' title='bbox 1828 713 1983 758; x_wconf 90' lang='lat' dir='ltr'>valere</span> 
     </span>
     <span class='ocr_line' id='line_1_6' title="bbox 217 789 1983 853; baseline -0.001 -21"><span class='ocrx_word' id='word_1_40' title='bbox 217 789 344 846; x_wconf 93' lang='lat' dir='ltr'>quod</span> <span class='ocrx_word' id='word_1_41' title='bbox 371 789 497 846; x_wconf 87' lang='lat' dir='ltr'>apud</span> <span class='ocrx_word' id='word_1_42' title='bbox 532 805 617 833; x_wconf 90' lang='lat' dir='ltr'>nos</span> <span class='ocrx_word' id='word_1_43' title='bbox 655 805 756 834; x_wconf 84' lang='lat' dir='ltr'>vau</span> <span class='ocrx_word' id='word_1_44' title='bbox 793 804 900 853; x_wconf 86' lang='lat' dir='ltr'>curn</span> <span class='ocrx_word' id='word_1_45' title='bbox 933 805 1019 847; x_wconf 93' lang='lat' dir='ltr'>pro</span> <span class='ocrx_word' id='word_1_46' title='bbox 1052 798 1345 834; x_wconf 83' lang='lat' dir='ltr'>consonante</span> <span class='ocrx_word' id='word_1_47' title='bbox 1370 789 1599 845; x_wconf 83' lang='lat' dir='ltr'>scribitur,</span> <span class='ocrx_word' id='word_1_48' title='bbox 1625 791 1880 848; x_wconf 88' lang='lat' dir='ltr'>vocarique</span> <span class='ocrx_word' id='word_1_49' title='bbox 1902 795 1983 842; x_wconf 86' lang='grc' dir='ltr'>βαυ</span> 
     </span>
     <span class='ocr_line' id='line_1_7' title="bbox 217 867 547 926; baseline 0 -16"><span class='ocrx_word' id='word_1_50' title='bbox 217 874 262 910; x_wconf 88' lang='lat' dir='ltr'>et</span> <span class='ocrx_word' id='word_1_51' title='bbox 285 867 547 926; x_wconf 75' lang='lat' dir='ltr'><strong><em>digamma.</em></strong></span> 
     </span>
    </p>
   </div>
   <div class='ocr_carea' id='block_1_5' title="bbox 288 988 1138 1054">
    <p class='ocr_par' dir='ltr' id='par_1_5' title="bbox 288 988 1138 1054">
     <span class='ocr_line' id='line_1_8' title="bbox 288 988 1138 1054; baseline 0.001 -18"><span class='ocrx_word' id='word_1_52' title='bbox 288 988 521 1037; x_wconf 83' lang='lat' dir='ltr'>Priscian</span> <span class='ocrx_word' id='word_1_53' title='bbox 549 989 784 1053; x_wconf 81' lang='lat' dir='ltr'>explains</span> <span class='ocrx_word' id='word_1_54' title='bbox 812 1005 953 1037; x_wconf 91' lang='lat' dir='ltr'>more</span> <span class='ocrx_word' id='word_1_55' title='bbox 981 989 1138 1054; x_wconf 76' lang='lat' dir='ltr'>fully:</span> 
     </span>
    </p>
   </div>
   <div class='ocr_carea' id='block_1_6' title="bbox 212 1100 1982 1702">
    <p class='ocr_par' dir='ltr' id='par_1_6' title="bbox 212 1100 1982 1702">
     <span class='ocr_line' id='line_1_9' title="bbox 290 1100 1982 1163; baseline 0.001 -20"><span class='ocrx_word' id='word_1_56' title='bbox 290 1100 409 1158; x_wconf 81' lang='lat' dir='ltr'>[Keil.</span> <span class='ocrx_word' id='word_1_57' title='bbox 428 1123 462 1144; x_wconf 91' lang='lat' dir='ltr'>v.</span> <span class='ocrx_word' id='word_1_58' title='bbox 484 1113 499 1144; x_wconf 90' lang='grc' dir='ltr'>Ι</span> <span class='ocrx_word' id='word_1_59' title='bbox 508 1112 534 1144; x_wconf 93' lang='lat'>1.</span> <span class='ocrx_word' id='word_1_60' title='bbox 555 1123 590 1152; x_wconf 88' lang='lat' dir='ltr'>p.</span> <span class='ocrx_word' id='word_1_61' title='bbox 613 1105 685 1163; x_wconf 87' lang='lat'><strong>15.]</strong></span> <span class='ocrx_word' id='word_1_62' title='bbox 751 1101 794 1147; x_wconf 89' lang='lat' dir='ltr'>U</span> <span class='ocrx_word' id='word_1_63' title='bbox 812 1115 923 1145; x_wconf 88' lang='lat' dir='ltr'>vero</span> <span class='ocrx_word' id='word_1_64' title='bbox 947 1100 1052 1144; x_wconf 92' lang='lat' dir='ltr'>loco</span> <span class='ocrx_word' id='word_1_65' title='bbox 1072 1101 1377 1144; x_wconf 89' lang='lat' dir='ltr'>consonantis</span> <span class='ocrx_word' id='word_1_66' title='bbox 1401 1100 1557 1158; x_wconf 87' lang='lat' dir='ltr'>posita</span> <span class='ocrx_word' id='word_1_67' title='bbox 1575 1100 1774 1144; x_wconf 89' lang='lat' dir='ltr'>eandem</span> <span class='ocrx_word' id='word_1_68' title='bbox 1791 1115 1982 1158; x_wconf 88' lang='lat' dir='ltr'>prorsus</span> 
     </span>
     <span class='ocr_line' id='line_1_10' title="bbox 215 1177 1979 1237; baseline 0.001 -17"><span class='ocrx_word' id='word_1_69' title='bbox 215 1178 261 1220; x_wconf 90' lang='lat' dir='ltr'>in</span> <span class='ocrx_word' id='word_1_70' title='bbox 286 1177 505 1221; x_wconf 91' lang='lat' dir='ltr'>omnibus</span> <span class='ocrx_word' id='word_1_71' title='bbox 529 1178 624 1221; x_wconf 90' lang='lat' dir='ltr'>vim</span> <span class='ocrx_word' id='word_1_72' title='bbox 649 1177 816 1222; x_wconf 87' lang='lat' dir='ltr'>habuit</span> <span class='ocrx_word' id='word_1_73' title='bbox 841 1178 966 1235; x_wconf 91' lang='lat' dir='ltr'>apud</span> <span class='ocrx_word' id='word_1_74' title='bbox 994 1178 1187 1221; x_wconf 89' lang='lat' dir='ltr'>Latinos</span> <span class='ocrx_word' id='word_1_75' title='bbox 1212 1192 1354 1236; x_wconf 85' lang='lat' dir='ltr'>quarn</span> <span class='ocrx_word' id='word_1_76' title='bbox 1379 1178 1505 1235; x_wconf 90' lang='lat' dir='ltr'>apud</span> <span class='ocrx_word' id='word_1_77' title='bbox 1533 1178 1694 1221; x_wconf 87' lang='lat' dir='ltr'>Aeolis</span> <span class='ocrx_word' id='word_1_78' title='bbox 1717 1178 1979 1237; x_wconf 77' lang='lat' dir='ltr'>digamma.</span> 
     </span>
     <span class='ocr_line' id='line_1_11' title="bbox 216 1255 1982 1313; baseline 0.001 -15"><span class='ocrx_word' id='word_1_79' title='bbox 216 1255 355 1299; x_wconf 85' lang='lat' dir='ltr'>Unde</span> <span class='ocrx_word' id='word_1_80' title='bbox 392 1270 419 1298; x_wconf 92' lang='lat' dir='ltr'>a</span> <span class='ocrx_word' id='word_1_81' title='bbox 452 1255 685 1312; x_wconf 90' lang='lat' dir='ltr'>plerisque</span> <span class='ocrx_word' id='word_1_82' title='bbox 721 1256 762 1299; x_wconf 92' lang='lat' dir='ltr'>ei</span> <span class='ocrx_word' id='word_1_83' title='bbox 796 1270 968 1299; x_wconf 90' lang='lat' dir='ltr'>nornen</span> <span class='ocrx_word' id='word_1_84' title='bbox 1002 1256 1092 1299; x_wconf 92' lang='lat' dir='ltr'>hoc</span> <span class='ocrx_word' id='word_1_85' title='bbox 1129 1255 1266 1299; x_wconf 92' lang='lat' dir='ltr'>datur</span> <span class='ocrx_word' id='word_1_86' title='bbox 1300 1255 1426 1313; x_wconf 88' lang='lat' dir='ltr'>quod</span> <span class='ocrx_word' id='word_1_87' title='bbox 1463 1255 1588 1312; x_wconf 89' lang='lat' dir='ltr'>apud</span> <span class='ocrx_word' id='word_1_88' title='bbox 1623 1255 1784 1299; x_wconf 88' lang='lat' dir='ltr'>Aeolis</span> <span class='ocrx_word' id='word_1_89' title='bbox 1816 1255 1982 1300; x_wconf 87' lang='lat' dir='ltr'>habuit</span> 
     </span>
     <span class='ocr_line' id='line_1_12' title="bbox 214 1332 1979 1392; baseline 0.001 -17"><span class='ocrx_word' id='word_1_90' title='bbox 214 1332 324 1376; x_wconf 90' lang='lat' dir='ltr'>olim</span> <span class='ocrx_word' id='word_1_91' title='bbox 355 1349 382 1388; x_wconf 71' lang='lat' dir='ltr'>f</span> <span class='ocrx_word' id='word_1_92' title='bbox 414 1334 679 1392; x_wconf 80' lang='lat' dir='ltr'>dzgamma,</span> <span class='ocrx_word' id='word_1_93' title='bbox 708 1333 756 1376; x_wconf 94' lang='lat' dir='ltr'>id</span> <span class='ocrx_word' id='word_1_94' title='bbox 781 1340 853 1377; x_wconf 92' lang='lat' dir='ltr'>est</span> <span class='ocrx_word' id='word_1_95' title='bbox 877 1348 991 1387; x_wconf 84' lang='lat' dir='ltr'>vau,</span> <span class='ocrx_word' id='word_1_96' title='bbox 1021 1332 1080 1376; x_wconf 93' lang='lat' dir='ltr'>ab</span> <span class='ocrx_word' id='word_1_97' title='bbox 1113 1334 1258 1390; x_wconf 88' lang='lat' dir='ltr'>ipsius</span> <span class='ocrx_word' id='word_1_98' title='bbox 1282 1347 1400 1376; x_wconf 86' lang='lat' dir='ltr'>voce</span> <span class='ocrx_word' id='word_1_99' title='bbox 1434 1333 1697 1390; x_wconf 79' lang='lat' dir='ltr'>profectum</span> <span class='ocrx_word' id='word_1_100' title='bbox 1722 1340 1840 1377; x_wconf 89' lang='lat' dir='ltr'>teste</span> <span class='ocrx_word' id='word_1_101' title='bbox 1864 1335 1979 1377; x_wconf 91' lang='lat' dir='ltr'>Var-</span> 
     </span>
     <span class='ocr_line' id='line_1_13' title="bbox 213 1410 1981 1469; baseline 0.001 -16"><span class='ocrx_word' id='word_1_102' title='bbox 213 1425 325 1454; x_wconf 90' lang='lat' dir='ltr'>rone</span> <span class='ocrx_word' id='word_1_103' title='bbox 350 1418 395 1454; x_wconf 92' lang='lat' dir='ltr'>et</span> <span class='ocrx_word' id='word_1_104' title='bbox 423 1411 644 1469; x_wconf 90' lang='lat' dir='ltr'>Didymo,</span> <span class='ocrx_word' id='word_1_105' title='bbox 673 1411 750 1468; x_wconf 88' lang='lat' dir='ltr'>qui</span> <span class='ocrx_word' id='word_1_106' title='bbox 775 1410 822 1453; x_wconf 91' lang='lat' dir='ltr'>id</span> <span class='ocrx_word' id='word_1_107' title='bbox 848 1411 889 1454; x_wconf 90' lang='lat' dir='ltr'>ei</span> <span class='ocrx_word' id='word_1_108' title='bbox 914 1425 1085 1454; x_wconf 90' lang='lat' dir='ltr'>nomen</span> <span class='ocrx_word' id='word_1_109' title='bbox 1110 1425 1214 1454; x_wconf 91' lang='lat' dir='ltr'>esse</span> <span class='ocrx_word' id='word_1_110' title='bbox 1239 1411 1506 1454; x_wconf 91' lang='lat' dir='ltr'>ostendunt.</span> <span class='ocrx_word' id='word_1_111' title='bbox 1567 1412 1659 1454; x_wconf 90' lang='lat' dir='ltr'>Pro</span> <span class='ocrx_word' id='word_1_112' title='bbox 1684 1425 1776 1468; x_wconf 90' lang='lat' dir='ltr'>quo</span> <span class='ocrx_word' id='word_1_113' title='bbox 1804 1412 1981 1455; x_wconf 90' lang='lat' dir='ltr'>Caesar</span> 
     </span>
     <span class='ocr_line' id='line_1_14' title="bbox 213 1487 1980 1546; baseline 0.001 -16"><span class='ocrx_word' id='word_1_114' title='bbox 213 1487 335 1531; x_wconf 91' lang='lat' dir='ltr'>hanc</span> <span class='ocrx_word' id='word_1_115' title='bbox 368 1487 396 1526; x_wconf 76' lang='lat' dir='ltr'>:l</span> <span class='ocrx_word' id='word_1_116' title='bbox 428 1489 626 1546; x_wconf 84' lang='lat' dir='ltr'>figuram</span> <span class='ocrx_word' id='word_1_117' title='bbox 661 1488 803 1531; x_wconf 86' lang='lat' dir='ltr'>scribi</span> <span class='ocrx_word' id='word_1_118' title='bbox 839 1487 1000 1542; x_wconf 86' lang='lat' dir='ltr'>voluit,</span> <span class='ocrx_word' id='word_1_119' title='bbox 1038 1488 1165 1545; x_wconf 86' lang='lat' dir='ltr'>quod</span> <span class='ocrx_word' id='word_1_120' title='bbox 1201 1488 1416 1545; x_wconf 89' lang='lat' dir='ltr'>quamvis</span> <span class='ocrx_word' id='word_1_121' title='bbox 1457 1487 1519 1530; x_wconf 89' lang='lat' dir='ltr'>illi</span> <span class='ocrx_word' id='word_1_122' title='bbox 1554 1495 1679 1531; x_wconf 88' lang='lat' dir='ltr'>recte</span> <span class='ocrx_word' id='word_1_123' title='bbox 1716 1489 1868 1532; x_wconf 91' lang='lat' dir='ltr'>visum</span> <span class='ocrx_word' id='word_1_124' title='bbox 1909 1495 1980 1533; x_wconf 90' lang='lat' dir='ltr'>est</span> 
     </span>
     <span class='ocr_line' id='line_1_15' title="bbox 212 1565 1980 1622; baseline 0.001 -14"><span class='ocrx_word' id='word_1_125' title='bbox 212 1573 371 1609; x_wconf 89' lang='lat' dir='ltr'>tamen</span> <span class='ocrx_word' id='word_1_126' title='bbox 395 1565 688 1609; x_wconf 85' lang='lat' dir='ltr'>consuetudo</span> <span class='ocrx_word' id='word_1_127' title='bbox 715 1566 910 1622; x_wconf 87' lang='lat' dir='ltr'>antiqua</span> <span class='ocrx_word' id='word_1_128' title='bbox 932 1566 1183 1622; x_wconf 75' lang='lat' dir='ltr'>superavit,</span> <span class='ocrx_word' id='word_1_129' title='bbox 1254 1565 1392 1609; x_wconf 88' lang='lat' dir='ltr'>Adeo</span> <span class='ocrx_word' id='word_1_130' title='bbox 1418 1573 1574 1609; x_wconf 88' lang='lat' dir='ltr'>autem</span> <span class='ocrx_word' id='word_1_131' title='bbox 1598 1565 1689 1609; x_wconf 93' lang='lat' dir='ltr'>hoc</span> <span class='ocrx_word' id='word_1_132' title='bbox 1712 1580 1874 1609; x_wconf 90' lang='lat' dir='ltr'>verum</span> <span class='ocrx_word' id='word_1_133' title='bbox 1908 1573 1980 1611; x_wconf 91' lang='lat' dir='ltr'>est</span> 
     </span>
     <span class='ocr_line' id='line_1_16' title="bbox 213 1643 1280 1702; baseline -0.002 -15"><span class='ocrx_word' id='word_1_134' title='bbox 213 1643 340 1701; x_wconf 89' lang='lat' dir='ltr'>quod</span> <span class='ocrx_word' id='word_1_135' title='bbox 364 1658 448 1700; x_wconf 94' lang='lat' dir='ltr'>pro</span> <span class='ocrx_word' id='word_1_136' title='bbox 474 1643 672 1686; x_wconf 87' lang='lat' dir='ltr'>Aeolico</span> <span class='ocrx_word' id='word_1_137' title='bbox 696 1643 946 1702; x_wconf 84' lang='lat' dir='ltr'>a&#39;zgamma</span> <span class='ocrx_word' id='word_1_138' title='bbox 969 1659 996 1698; x_wconf 71' lang='lat' dir='ltr'>f</span> <span class='ocrx_word' id='word_1_139' title='bbox 1019 1656 1051 1688; x_wconf 93' lang='lat' dir='ltr'>u</span> <span class='ocrx_word' id='word_1_140' title='bbox 1079 1643 1280 1700; x_wconf 89' lang='lat' dir='ltr'>ponitur.</span> 
     </span>
    </p>
   </div>
   <div class='ocr_carea' id='block_1_7' title="bbox 281 1764 1975 1914">
    <p class='ocr_par' dir='ltr' id='par_1_7' title="bbox 281 1764 1975 1914">
     <span class='ocr_line' id='line_1_17' title="bbox 281 1764 1975 1827; baseline 0.001 -15"><span class='ocrx_word' id='word_1_141' title='bbox 281 1765 435 1813; x_wconf 87' lang='lat' dir='ltr'>What</span> <span class='ocrx_word' id='word_1_142' title='bbox 461 1765 586 1812; x_wconf 93' lang='lat' dir='ltr'>then</span> <span class='ocrx_word' id='word_1_143' title='bbox 613 1781 717 1812; x_wconf 89' lang='lat' dir='ltr'>was</span> <span class='ocrx_word' id='word_1_144' title='bbox 744 1765 832 1812; x_wconf 90' lang='lat' dir='ltr'>the</span> <span class='ocrx_word' id='word_1_145' title='bbox 860 1765 1030 1812; x_wconf 92' lang='lat' dir='ltr'>sound</span> <span class='ocrx_word' id='word_1_146' title='bbox 1057 1764 1112 1811; x_wconf 82' lang='lat' dir='ltr'>of</span> <span class='ocrx_word' id='word_1_147' title='bbox 1148 1764 1251 1811; x_wconf 89' lang='lat' dir='ltr'>this</span> <span class='ocrx_word' id='word_1_148' title='bbox 1280 1764 1463 1812; x_wconf 90' lang='lat' dir='ltr'>Aeolic</span> <span class='ocrx_word' id='word_1_149' title='bbox 1488 1765 1737 1826; x_wconf 64' lang='lat' dir='ltr'>dzgamma</span> <span class='ocrx_word' id='word_1_150' title='bbox 1764 1780 1821 1813; x_wconf 94' lang='lat' dir='ltr'>or</span> <span class='ocrx_word' id='word_1_151' title='bbox 1846 1765 1975 1827; x_wconf 76' lang='grc' dir='ltr'><em>βαυΡ</em></span> 
     </span>
     <span class='ocr_line' id='line_1_18' title="bbox 283 1848 693 1914; baseline 0.002 -18"><span class='ocrx_word' id='word_1_152' title='bbox 283 1848 514 1897; x_wconf 88' lang='lat' dir='ltr'>Priscian</span> <span class='ocrx_word' id='word_1_153' title='bbox 543 1865 660 1914; x_wconf 88' lang='lat' dir='ltr'>says</span> <span class='ocrx_word' id='word_1_154' title='bbox 685 1868 693 1897; x_wconf 93' lang='lat'>:</span> 
     </span>
    </p>
   </div>
   <div class='ocr_carea' id='block_1_8' title="bbox 206 1959 1975 2636">
    <p class='ocr_par' dir='ltr' id='par_1_8' title="bbox 206 1959 1975 2636">
     <span class='ocr_line' id='line_1_19' title="bbox 285 1959 1975 2022; baseline 0.001 -19"><span class='ocrx_word' id='word_1_155' title='bbox 285 1960 403 2017; x_wconf 81' lang='lat' dir='ltr'>[Keil.</span> <span class='ocrx_word' id='word_1_156' title='bbox 423 1983 456 2003; x_wconf 89' lang='lat' dir='ltr'>v.</span> <span class='ocrx_word' id='word_1_157' title='bbox 480 1971 530 2003; x_wconf 87' lang='grc' dir='ltr'>ΙΙ.</span> <span class='ocrx_word' id='word_1_158' title='bbox 550 1964 676 2022; x_wconf 87' lang='lat' dir='ltr'>p.11.]</span> <span class='ocrx_word' id='word_1_159' title='bbox 742 1977 770 2016; x_wconf 78' lang='lat' dir='ltr'>,c</span> <span class='ocrx_word' id='word_1_160' title='bbox 812 1960 1058 2003; x_wconf 88' lang='lat' dir='ltr'>Aeolicum</span> <span class='ocrx_word' id='word_1_161' title='bbox 1104 1960 1367 2018; x_wconf 77' lang='lat' dir='ltr'>dzgamma,</span> <span class='ocrx_word' id='word_1_162' title='bbox 1411 1959 1537 2017; x_wconf 87' lang='lat' dir='ltr'>quod</span> <span class='ocrx_word' id='word_1_163' title='bbox 1584 1960 1709 2017; x_wconf 88' lang='lat' dir='ltr'>apud</span> <span class='ocrx_word' id='word_1_164' title='bbox 1755 1960 1975 2018; x_wconf 89' lang='lat' dir='ltr'>antiquis-</span> 
     </span>
     <span class='ocr_line' id='line_1_20' title="bbox 209 2037 1975 2094; baseline 0 -13"><span class='ocrx_word' id='word_1_165' title='bbox 209 2039 354 2081; x_wconf 89' lang='lat' dir='ltr'>simos</span> <span class='ocrx_word' id='word_1_166' title='bbox 393 2039 665 2081; x_wconf 88' lang='lat' dir='ltr'>Latinorum</span> <span class='ocrx_word' id='word_1_167' title='bbox 702 2038 899 2081; x_wconf 89' lang='lat' dir='ltr'>eandem</span> <span class='ocrx_word' id='word_1_168' title='bbox 933 2038 1028 2080; x_wconf 87' lang='lat' dir='ltr'>vim</span> <span class='ocrx_word' id='word_1_169' title='bbox 1063 2051 1203 2094; x_wconf 88' lang='lat' dir='ltr'>quam</span> <span class='ocrx_word' id='word_1_170' title='bbox 1241 2037 1364 2094; x_wconf 89' lang='lat' dir='ltr'>apud</span> <span class='ocrx_word' id='word_1_171' title='bbox 1402 2037 1566 2080; x_wconf 88' lang='lat' dir='ltr'>Aeolis</span> <span class='ocrx_word' id='word_1_172' title='bbox 1603 2037 1781 2081; x_wconf 89' lang='lat' dir='ltr'>habuit.</span> <span class='ocrx_word' id='word_1_173' title='bbox 1852 2039 1975 2081; x_wconf 86' lang='lat' dir='ltr'>Eum</span> 
     </span>
     <span class='ocr_line' id='line_1_21' title="bbox 211 2113 1974 2172; baseline 0 -14"><span class='ocrx_word' id='word_1_174' title='bbox 211 2122 367 2159; x_wconf 89' lang='lat' dir='ltr'>autem</span> <span class='ocrx_word' id='word_1_175' title='bbox 401 2130 547 2172; x_wconf 90' lang='lat' dir='ltr'>prope</span> <span class='ocrx_word' id='word_1_176' title='bbox 583 2130 750 2158; x_wconf 91' lang='lat' dir='ltr'>sonum</span> <span class='ocrx_word' id='word_1_177' title='bbox 785 2130 924 2172; x_wconf 89' lang='lat' dir='ltr'>quem</span> <span class='ocrx_word' id='word_1_178' title='bbox 960 2129 1082 2158; x_wconf 91' lang='lat' dir='ltr'>nunc</span> <span class='ocrx_word' id='word_1_179' title='bbox 1118 2114 1263 2157; x_wconf 88' lang='lat' dir='ltr'>habet</span> <span class='ocrx_word' id='word_1_180' title='bbox 1287 2113 1585 2171; x_wconf 84' lang='lat' dir='ltr'>significabat</span> <span class='ocrx_word' id='word_1_181' title='bbox 1608 2127 1639 2170; x_wconf 90' lang='lat' dir='ltr'>p</span> <span class='ocrx_word' id='word_1_182' title='bbox 1664 2129 1769 2158; x_wconf 90' lang='lat' dir='ltr'>cum</span> <span class='ocrx_word' id='word_1_183' title='bbox 1803 2115 1974 2172; x_wconf 89' lang='lat' dir='ltr'>aspira-</span> 
     </span>
     <span class='ocr_line' id='line_1_22' title="bbox 208 2192 1973 2249; baseline 0.001 -13"><span class='ocrx_word' id='word_1_184' title='bbox 208 2193 348 2247; x_wconf 86' lang='lat' dir='ltr'>tione,</span> <span class='ocrx_word' id='word_1_185' title='bbox 375 2193 496 2236; x_wconf 90' lang='lat' dir='ltr'>sicut</span> <span class='ocrx_word' id='word_1_186' title='bbox 520 2193 660 2235; x_wconf 89' lang='lat' dir='ltr'>etiam</span> <span class='ocrx_word' id='word_1_187' title='bbox 693 2192 819 2249; x_wconf 89' lang='lat' dir='ltr'>apud</span> <span class='ocrx_word' id='word_1_188' title='bbox 842 2199 1023 2235; x_wconf 85' lang='lat' dir='ltr'>veteres</span> <span class='ocrx_word' id='word_1_189' title='bbox 1054 2193 1264 2235; x_wconf 90' lang='lat' dir='ltr'>Graecos</span> <span class='ocrx_word' id='word_1_190' title='bbox 1289 2206 1374 2248; x_wconf 90' lang='lat' dir='ltr'>pro</span> <span class='ocrx_word' id='word_1_191' title='bbox 1410 2199 1441 2241; x_wconf 91' lang='grc' dir='ltr'>φ</span> <span class='ocrx_word' id='word_1_192' title='bbox 1471 2208 1501 2231; x_wconf 86' lang='grc' dir='ltr'>π</span> <span class='ocrx_word' id='word_1_193' title='bbox 1534 2198 1579 2235; x_wconf 91' lang='lat' dir='ltr'>et</span> <span class='ocrx_word' id='word_1_194' title='bbox 1617 2197 1656 2246; x_wconf 61' lang='grc' dir='ltr'>Η</span> <span class='ocrx_word' id='word_1_195' title='bbox 1694 2192 1814 2236; x_wconf 93' lang='lat' dir='ltr'>unde</span> <span class='ocrx_word' id='word_1_196' title='bbox 1849 2207 1973 2237; x_wconf 91' lang='lat' dir='ltr'>nunc</span> 
     </span>
     <span class='ocr_line' id='line_1_23' title="bbox 209 2269 1969 2328; baseline -0.001 -14"><span class='ocrx_word' id='word_1_197' title='bbox 209 2285 394 2328; x_wconf 89' lang='lat' dir='ltr'>quoque</span> <span class='ocrx_word' id='word_1_198' title='bbox 440 2271 486 2313; x_wconf 90' lang='lat' dir='ltr'>in</span> <span class='ocrx_word' id='word_1_199' title='bbox 535 2270 728 2313; x_wconf 85' lang='lat' dir='ltr'>Graecis</span> <span class='ocrx_word' id='word_1_200' title='bbox 775 2269 1045 2312; x_wconf 90' lang='lat' dir='ltr'>nominibus</span> <span class='ocrx_word' id='word_1_201' title='bbox 1092 2269 1334 2326; x_wconf 88' lang='lat' dir='ltr'>antiquam</span> <span class='ocrx_word' id='word_1_202' title='bbox 1379 2269 1659 2325; x_wconf 88' lang='lat' dir='ltr'>scripturam</span> <span class='ocrx_word' id='word_1_203' title='bbox 1715 2283 1969 2325; x_wconf 88' lang='lat' dir='ltr'>servamus,</span> 
     </span>
     <span class='ocr_line' id='line_1_24' title="bbox 207 2346 1972 2405; baseline 0 -15"><span class='ocrx_word' id='word_1_204' title='bbox 207 2363 292 2405; x_wconf 90' lang='lat' dir='ltr'>pro</span> <span class='ocrx_word' id='word_1_205' title='bbox 328 2356 359 2399; x_wconf 92' lang='grc' dir='ltr'>φ</span> <span class='ocrx_word' id='word_1_206' title='bbox 393 2360 425 2404; x_wconf 89' lang='lat' dir='ltr'>p</span> <span class='ocrx_word' id='word_1_207' title='bbox 461 2354 505 2390; x_wconf 91' lang='lat' dir='ltr'>et</span> <span class='ocrx_word' id='word_1_208' title='bbox 538 2349 571 2391; x_wconf 89' lang='lat' dir='ltr'>h</span> <span class='ocrx_word' id='word_1_209' title='bbox 604 2354 848 2404; x_wconf 84' lang='lat' dir='ltr'>ponenteS,</span> <span class='ocrx_word' id='word_1_210' title='bbox 881 2354 931 2390; x_wconf 93' lang='lat' dir='ltr'>ut</span> <span class='ocrx_word' id='word_1_211' title='bbox 969 2346 1204 2403; x_wconf 69' lang='lat' dir='ltr'>Orpheus,</span> <span class='ocrx_word' id='word_1_212' title='bbox 1241 2346 1507 2390; x_wconf 72' lang='lat' dir='ltr'>Phaethon.</span> <span class='ocrx_word' id='word_1_213' title='bbox 1580 2348 1751 2390; x_wconf 87' lang='lat' dir='ltr'>Postea</span> <span class='ocrx_word' id='word_1_214' title='bbox 1778 2361 1891 2390; x_wconf 90' lang='lat' dir='ltr'>vero</span> <span class='ocrx_word' id='word_1_215' title='bbox 1926 2347 1972 2390; x_wconf 90' lang='lat' dir='ltr'>in</span> 
     </span>
     <span class='ocr_line' id='line_1_25' title="bbox 210 2422 1969 2483; baseline -0.001 -15"><span class='ocrx_word' id='word_1_216' title='bbox 210 2426 391 2468; x_wconf 89' lang='lat' dir='ltr'>Latinis</span> <span class='ocrx_word' id='word_1_217' title='bbox 422 2424 579 2468; x_wconf 89' lang='lat' dir='ltr'>verbis</span> <span class='ocrx_word' id='word_1_218' title='bbox 614 2424 790 2481; x_wconf 89' lang='lat' dir='ltr'>placuit</span> <span class='ocrx_word' id='word_1_219' title='bbox 819 2438 905 2481; x_wconf 91' lang='lat' dir='ltr'>pro</span> <span class='ocrx_word' id='word_1_220' title='bbox 933 2437 964 2480; x_wconf 90' lang='lat' dir='ltr'>p</span> <span class='ocrx_word' id='word_1_221' title='bbox 1000 2431 1045 2467; x_wconf 92' lang='lat' dir='ltr'>et</span> <span class='ocrx_word' id='word_1_222' title='bbox 1075 2425 1124 2479; x_wconf 87' lang='lat' dir='ltr'>h,</span> <span class='ocrx_word' id='word_1_223' title='bbox 1154 2423 1177 2467; x_wconf 81' lang='lat' dir='ltr'><strong>f</strong></span> <span class='ocrx_word' id='word_1_224' title='bbox 1209 2422 1365 2476; x_wconf 85' lang='lat' dir='ltr'>scribi,</span> <span class='ocrx_word' id='word_1_225' title='bbox 1393 2430 1443 2466; x_wconf 86' lang='lat' dir='ltr'>ut</span> <span class='ocrx_word' id='word_1_226' title='bbox 1460 2424 1802 2481; x_wconf 80' lang='lat' dir='ltr'>fama,filz&#39;us,</span> <span class='ocrx_word' id='word_1_227' title='bbox 1815 2425 1969 2483; x_wconf 80' lang='lat' dir='ltr'>facio,</span> 
     </span>
     <span class='ocr_line' id='line_1_26' title="bbox 206 2500 1971 2560; baseline -0.001 -16"><span class='ocrx_word' id='word_1_228' title='bbox 206 2501 311 2546; x_wconf 93' lang='lat' dir='ltr'>loco</span> <span class='ocrx_word' id='word_1_229' title='bbox 353 2509 509 2545; x_wconf 87' lang='lat' dir='ltr'>autem</span> <span class='ocrx_word' id='word_1_230' title='bbox 543 2502 795 2560; x_wconf 79' lang='lat' dir='ltr'>digamma</span> <span class='ocrx_word' id='word_1_231' title='bbox 832 2514 865 2546; x_wconf 92' lang='lat' dir='ltr'>u</span> <span class='ocrx_word' id='word_1_232' title='bbox 904 2515 990 2557; x_wconf 91' lang='lat' dir='ltr'>pro</span> <span class='ocrx_word' id='word_1_233' title='bbox 1031 2507 1333 2553; x_wconf 83' lang='lat' dir='ltr'>consonante,</span> <span class='ocrx_word' id='word_1_234' title='bbox 1374 2500 1501 2557; x_wconf 88' lang='lat' dir='ltr'>quod</span> <span class='ocrx_word' id='word_1_235' title='bbox 1541 2500 1823 2558; x_wconf 86' lang='lat' dir='ltr'>cognatione</span> <span class='ocrx_word' id='word_1_236' title='bbox 1868 2501 1971 2544; x_wconf 89' lang='lat' dir='ltr'>soni</span> 
     </span>
     <span class='ocr_line' id='line_1_27' title="bbox 206 2577 1303 2636; baseline -0.003 -14"><span class='ocrx_word' id='word_1_237' title='bbox 206 2578 455 2622; x_wconf 88' lang='lat' dir='ltr'>videbatur</span> <span class='ocrx_word' id='word_1_238' title='bbox 479 2579 629 2621; x_wconf 84' lang='lat' dir='ltr'>affinis</span> <span class='ocrx_word' id='word_1_239' title='bbox 655 2592 757 2621; x_wconf 90' lang='lat' dir='ltr'>esse</span> <span class='ocrx_word' id='word_1_240' title='bbox 782 2579 1033 2636; x_wconf 76' lang='lat' dir='ltr'>digamma</span> <span class='ocrx_word' id='word_1_241' title='bbox 1060 2591 1115 2620; x_wconf 90' lang='lat' dir='ltr'>ea</span> <span class='ocrx_word' id='word_1_242' title='bbox 1139 2577 1303 2620; x_wconf 85' lang='lat' dir='ltr'>littera.</span> 
     </span>
    </p>
   </div>
   <div class='ocr_carea' id='block_1_9' title="bbox 202 2711 1967 3197">
    <p class='ocr_par' dir='ltr' id='par_1_9' title="bbox 204 2711 1967 2862">
     <span class='ocr_line' id='line_1_28' title="bbox 275 2711 1967 2776; baseline -0.001 -15"><span class='ocrx_word' id='word_1_243' title='bbox 275 2714 388 2761; x_wconf 91' lang='lat' dir='ltr'>The</span> <span class='ocrx_word' id='word_1_244' title='bbox 412 2714 562 2761; x_wconf 90' lang='lat' dir='ltr'>Latin</span> <span class='ocrx_word' id='word_1_245' title='bbox 592 2726 627 2760; x_wconf 92' lang='lat' dir='ltr'>u</span> <span class='ocrx_word' id='word_1_246' title='bbox 654 2720 945 2761; x_wconf 90' lang='lat' dir='ltr'>consonant</span> <span class='ocrx_word' id='word_1_247' title='bbox 973 2712 1015 2760; x_wconf 89' lang='lat' dir='ltr'>is</span> <span class='ocrx_word' id='word_1_248' title='bbox 1043 2713 1163 2760; x_wconf 89' lang='lat' dir='ltr'>here</span> <span class='ocrx_word' id='word_1_249' title='bbox 1193 2711 1461 2776; x_wconf 90' lang='lat' dir='ltr'>distinctly</span> <span class='ocrx_word' id='word_1_250' title='bbox 1482 2712 1652 2760; x_wconf 90' lang='lat' dir='ltr'>stated</span> <span class='ocrx_word' id='word_1_251' title='bbox 1674 2719 1727 2759; x_wconf 94' lang='lat' dir='ltr'>to</span> <span class='ocrx_word' id='word_1_252' title='bbox 1754 2712 1819 2760; x_wconf 93' lang='lat' dir='ltr'>be</span> <span class='ocrx_word' id='word_1_253' title='bbox 1847 2711 1967 2759; x_wconf 88' lang='lat' dir='ltr'>akin</span> 
     </span>
     <span class='ocr_line' id='line_1_29' title="bbox 204 2795 1252 2862; baseline -0.001 -17"><span class='ocrx_word' id='word_1_254' title='bbox 204 2806 258 2846; x_wconf 87' lang='lat' dir='ltr'>to</span> <span class='ocrx_word' id='word_1_255' title='bbox 285 2798 372 2846; x_wconf 90' lang='lat' dir='ltr'>the</span> <span class='ocrx_word' id='word_1_256' title='bbox 401 2798 574 2845; x_wconf 87' lang='lat' dir='ltr'>Greek</span> <span class='ocrx_word' id='word_1_257' title='bbox 600 2799 850 2858; x_wconf 69' lang='lat' dir='ltr'>dzgramma</span> <span class='ocrx_word' id='word_1_258' title='bbox 881 2796 957 2862; x_wconf 70' lang='lat' dir='ltr'>(p)</span> <span class='ocrx_word' id='word_1_259' title='bbox 989 2795 1041 2843; x_wconf 87' lang='lat' dir='ltr'>in</span> <span class='ocrx_word' id='word_1_260' title='bbox 1069 2796 1252 2844; x_wconf 89' lang='lat' dir='ltr'>sound.</span> 
     </span>
    </p>

    <p class='ocr_par' dir='ltr' id='par_1_10' title="bbox 202 2880 1967 3197">
     <span class='ocr_line' id='line_1_30' title="bbox 276 2880 1967 2945; baseline -0.002 -16"><span class='ocrx_word' id='word_1_261' title='bbox 276 2884 406 2929; x_wconf 87' lang='lat' dir='ltr'>Now</span> <span class='ocrx_word' id='word_1_262' title='bbox 449 2882 537 2929; x_wconf 90' lang='lat' dir='ltr'>the</span> <span class='ocrx_word' id='word_1_263' title='bbox 582 2882 728 2929; x_wconf 88' lang='lat' dir='ltr'>office</span> <span class='ocrx_word' id='word_1_264' title='bbox 774 2881 828 2929; x_wconf 77' lang='lat' dir='ltr'>of</span> <span class='ocrx_word' id='word_1_265' title='bbox 870 2881 958 2928; x_wconf 90' lang='lat' dir='ltr'>the</span> <span class='ocrx_word' id='word_1_266' title='bbox 1004 2880 1177 2928; x_wconf 90' lang='lat' dir='ltr'>Greek</span> <span class='ocrx_word' id='word_1_267' title='bbox 1217 2882 1465 2941; x_wconf 62' lang='lat' dir='ltr'>dzgamma</span> <span class='ocrx_word' id='word_1_268' title='bbox 1508 2896 1612 2927; x_wconf 88' lang='lat' dir='ltr'>was</span> <span class='ocrx_word' id='word_1_269' title='bbox 1664 2880 1967 2945; x_wconf 90' lang='lat' dir='ltr'>apparently</span> 
     </span>
     <span class='ocr_line' id='line_1_31' title="bbox 204 2963 1964 3030; baseline -0.002 -17"><span class='ocrx_word' id='word_1_270' title='bbox 204 2966 471 3014; x_wconf 79' lang='lat' dir='ltr'>manifold.</span> <span class='ocrx_word' id='word_1_271' title='bbox 550 2967 599 3013; x_wconf 90' lang='lat' dir='ltr'>It</span> <span class='ocrx_word' id='word_1_272' title='bbox 638 2966 792 3013; x_wconf 90' lang='lat' dir='ltr'>stood</span> <span class='ocrx_word' id='word_1_273' title='bbox 828 2965 909 3013; x_wconf 80' lang='lat' dir='ltr'>for</span> <span class='ocrx_word' id='word_1_274' title='bbox 947 2986 983 3025; x_wconf 85' lang='grc' dir='ltr'>ς,</span> <span class='ocrx_word' id='word_1_275' title='bbox 1021 2965 1060 3026; x_wconf 87' lang='grc' dir='ltr'>β</span> <span class='ocrx_word' id='word_1_276' title='bbox 1089 2963 1241 3029; x_wconf 87' lang='lat' dir='ltr'>(Eng.</span> <span class='ocrx_word' id='word_1_277' title='bbox 1270 2964 1347 3030; x_wconf 86' lang='lat' dir='ltr'>v),</span> <span class='ocrx_word' id='word_1_278' title='bbox 1378 2985 1423 3028; x_wconf 83' lang='grc' dir='ltr'>γ,</span> <span class='ocrx_word' id='word_1_279' title='bbox 1451 2985 1496 3027; x_wconf 84' lang='grc' dir='ltr'>χ,</span> <span class='ocrx_word' id='word_1_280' title='bbox 1531 2968 1583 3024; x_wconf 84' lang='grc' dir='ltr'>φ,</span> <span class='ocrx_word' id='word_1_281' title='bbox 1619 2964 1722 3011; x_wconf 89' lang='lat' dir='ltr'>and</span> <span class='ocrx_word' id='word_1_282' title='bbox 1760 2964 1840 3010; x_wconf 82' lang='lat' dir='ltr'>for</span> <span class='ocrx_word' id='word_1_283' title='bbox 1877 2964 1964 3011; x_wconf 91' lang='lat' dir='ltr'>the</span> 
     </span>
     <span class='ocr_line' id='line_1_32' title="bbox 202 3047 1966 3113; baseline -0.003 -15"><span class='ocrx_word' id='word_1_284' title='bbox 202 3050 505 3113; x_wconf 86' lang='lat' dir='ltr'>breathings</span> <span class='ocrx_word' id='word_1_285' title='bbox 536 3050 756 3113; x_wconf 84' lang='lat' dir='ltr'>‘rough&#39;</span> <span class='ocrx_word' id='word_1_286' title='bbox 787 3049 890 3096; x_wconf 87' lang='lat' dir='ltr'>and</span> <span class='ocrx_word' id='word_1_287' title='bbox 920 3048 1189 3096; x_wconf 86' lang='lat' dir='ltr'>‘smooth.&#39;</span> <span class='ocrx_word' id='word_1_288' title='bbox 1268 3047 1577 3095; x_wconf 85' lang='lat' dir='ltr'>Sometimes</span> <span class='ocrx_word' id='word_1_289' title='bbox 1599 3048 1685 3095; x_wconf 92' lang='lat' dir='ltr'>the</span> <span class='ocrx_word' id='word_1_290' title='bbox 1714 3047 1883 3095; x_wconf 90' lang='lat' dir='ltr'>sound</span> <span class='ocrx_word' id='word_1_291' title='bbox 1911 3048 1966 3094; x_wconf 84' lang='lat' dir='ltr'>of</span> 
     </span>
     <span class='ocr_line' id='line_1_33' title="bbox 203 3130 1966 3197; baseline -0.003 -14"><span class='ocrx_word' id='word_1_292' title='bbox 203 3134 291 3184; x_wconf 91' lang='lat' dir='ltr'>the</span> <span class='ocrx_word' id='word_1_293' title='bbox 318 3135 568 3196; x_wconf 78' lang='lat' dir='ltr'>digamma</span> <span class='ocrx_word' id='word_1_294' title='bbox 596 3133 638 3181; x_wconf 89' lang='lat' dir='ltr'>is</span> <span class='ocrx_word' id='word_1_295' title='bbox 665 3133 833 3197; x_wconf 87' lang='lat' dir='ltr'>given,</span> <span class='ocrx_word' id='word_1_296' title='bbox 857 3149 931 3180; x_wconf 92' lang='lat' dir='ltr'>we</span> <span class='ocrx_word' id='word_1_297' title='bbox 960 3149 1045 3180; x_wconf 90' lang='lat' dir='ltr'>are</span> <span class='ocrx_word' id='word_1_298' title='bbox 1073 3132 1196 3192; x_wconf 93' lang='lat' dir='ltr'>told,</span> <span class='ocrx_word' id='word_1_299' title='bbox 1221 3132 1389 3180; x_wconf 92' lang='lat' dir='ltr'>where</span> <span class='ocrx_word' id='word_1_300' title='bbox 1418 3131 1504 3179; x_wconf 92' lang='lat' dir='ltr'>the</span> <span class='ocrx_word' id='word_1_301' title='bbox 1532 3131 1800 3179; x_wconf 89' lang='lat' dir='ltr'>character</span> <span class='ocrx_word' id='word_1_302' title='bbox 1825 3130 1966 3179; x_wconf 82' lang='lat' dir='ltr'>itself</span> 
     </span>
    </p>
   </div>
  </div>
 </body>
</html>
