2204 3469
166 328 217 371 18
373 330 502 370 THE
541 328 784 369 ROMAN
814 326 1366 367 PRONUNCIATION
1400 326 1482 365 OF
1514 324 1730 364 LATJN.

164 470 346 515 faciunt
370 476 450 513 aut
473 468 574 512 aliis
600 467 970 513 consonantibus
996 467 1248 520 sociantur,
1276 473 1327 509 ut
1347 466 1450 509 Iris
1475 472 1520 509 et
1543 480 1673 508 unus
1696 472 1742 509 et
1762 466 1862 509 Isis
1886 472 1931 509 et

165 563 308 592 urna.
369 548 697 591 Consonantes
722 552 878 589 autem
902 552 1023 598 sunt,
1046 559 1151 589 cum
1176 543 1278 586 aliis
1295 542 1541 587 vocalibus
1564 543 1611 585 in
1630 556 1724 586 una
1747 541 1932 601 syllaba

164 631 527 683 praeponuntur,
555 630 635 667 aut
659 637 765 668 curn
788 623 919 680 ipsae
944 623 1064 666 inter
1088 637 1137 665 se
1163 622 1209 664 in
1234 635 1328 664 una
1351 620 1536 679 syllaba
1570 619 1929 678 conjunguntur.

169 703 277 747 Nisi
301 703 424 747 enim
448 709 493 746 et
516 702 641 759 prior
665 701 726 745 sit
750 708 795 745 et
818 701 865 744 in
890 714 985 744 una
1018 699 1203 759 syllaba
1237 713 1397 743 secum
1431 698 1608 742 habeat
1633 697 1932 756 conjunctam

165 781 391 835 vocalem,
418 795 512 825 non
536 781 622 825 erit
645 794 913 825 consonans
936 780 954 824 i
977 778 1051 823 vel
1073 791 1123 824 u.
1196 779 1325 820 Nam
1357 777 1525 820 Iulius
1550 784 1596 821 et
1617 777 1795 821 Iarbas
1826 791 1933 820 cum

167 860 296 913 dicis,
333 860 352 904 i
386 872 653 903 consonans
693 872 788 902 non
824 865 907 911 est,
933 857 1043 901 licet
1081 856 1346 914 praecedat,
1386 855 1497 913 quia
1531 855 1580 897 in
1619 868 1714 898 una
1752 853 1935 913 syllaba

167 952 327 982 secum
351 951 444 981 non
467 936 613 981 habet
637 935 936 994 conjunctam
954 934 1181 988 vocalem,
1203 933 1287 978 sed
1310 934 1358 976 in
1384 933 1530 977 altera
1554 939 1931 990 consequentem.

239 1059 353 1108 The
396 1058 770 1123 grammarians
815 1057 979 1121 speak
1023 1057 1077 1104 of
1113 1054 1132 1103 i
1170 1062 1464 1104 consonant
1503 1070 1560 1102 as
1603 1054 1844 1102 different
1883 1053 1935 1100 in

170 1145 339 1193 sound
367 1144 469 1192 and
498 1144 651 1192 effect
677 1144 810 1191 from
836 1143 924 1190 the
951 1141 1114 1190 vowel
1141 1138 1188 1201 i;
1231 1140 1349 1200 and,
1380 1156 1436 1187 as
1473 1139 1598 1204 they
1624 1139 1692 1187 do
1727 1146 1818 1186 not
1845 1154 1938 1202 say

169 1230 284 1277 how
322 1229 360 1277 it
400 1229 593 1288 differs,
631 1244 705 1276 we
745 1227 1001 1291 naturally
1039 1225 1172 1273 infer
1210 1225 1297 1273 the
1336 1224 1591 1272 variation
1630 1231 1683 1271 to
1721 1223 1787 1271 be
1826 1222 1939 1270 that

169 1314 337 1362 which
375 1314 575 1362 follows
603 1313 654 1360 in
682 1313 769 1361 the
804 1320 985 1360 nature
1014 1311 1069 1359 of
1094 1311 1268 1374 things
1302 1310 1435 1357 from
1468 1309 1534 1357 its
1570 1307 1798 1371 position
1835 1307 1938 1355 and

172 1399 334 1459 office,
365 1415 421 1446 as
450 1398 501 1446 in
529 1398 616 1446 the
644 1397 867 1445 kindred
898 1398 1167 1444 Romance
1195 1395 1496 1458 languages.

244 1483 477 1531 Priscian
505 1499 623 1547 says
646 1502 654 1530 :

251 1582 552 1640 [Kei1.v.11.p.
577 1581 650 1638 13.]
722 1579 801 1623 Sic
838 1579 857 1622 i
893 1585 938 1622 et
973 1591 1023 1634 u,
1065 1577 1280 1635 quamvis
1321 1590 1463 1619 unum
1504 1589 1676 1618 nomen
1718 1581 1763 1618 et
1799 1587 1939 1617 unam

173 1658 383 1702 habeant
406 1658 603 1715 figuram
628 1664 723 1700 tam
748 1655 936 1700 vocales
958 1669 1098 1712 quam
1124 1660 1452 1706 consonantes,
1474 1659 1646 1706 tamen,
1669 1653 1778 1709 quia
1798 1651 1940 1695 diver-

174 1750 278 1779 sum
313 1749 479 1779 sonum
505 1742 551 1778 et
574 1734 807 1777 diversam
830 1733 924 1776 vim
959 1731 1137 1776 habent
1162 1732 1208 1774 in
1232 1731 1391 1774 metris
1416 1737 1461 1773 et
1484 1730 1532 1772 in
1560 1729 1941 1786 pronuntiatione

176 1812 474 1872 syllabarum,
502 1827 596 1856 non
621 1819 729 1855 sunt
753 1812 800 1853 in
826 1810 1003 1855 eisdem
1027 1824 1133 1853 meo
1158 1809 1332 1867 judicio
1357 1808 1599 1852 elementis
1625 1806 1939 1863 accipiendae,

177 1891 391 1949 quamvis
417 1898 462 1934 et
488 1890 760 1943 Censorino,
787 1888 1063 1932 doctissimo
1090 1888 1202 1930 artis
1225 1886 1578 1944 grammaticae,
1607 1884 1731 1928 idem
1754 1884 1942 1941 placuit.

248 2014 298 2061 It
340 2012 509 2060 would
555 2027 695 2060 seem
739 2018 793 2059 to
837 2011 902 2058 be
946 2010 1016 2073 by
1052 2025 1239 2057 reason
1279 2008 1334 2056 of
1370 2007 1473 2055 this
1511 2006 1724 2054 twofold
1762 2012 1943 2053 nature

181 2097 366 2163 (vowel
406 2097 510 2144 and
549 2095 865 2161 consonant)
896 2094 1009 2142 that
1044 2091 1064 2141 i
1094 2094 1188 2141 has
1227 2093 1293 2140 its
1329 2090 1726 2154 ‘lengthening'
1755 2105 1941 2153 power.

179 2183 380 2230 Probus
408 2181 640 2244 explains
668 2181 756 2228 the
784 2187 970 2227 matter
996 2178 1116 2226 thus
1139 2197 1147 2225 :

257 2286 377 2344 [Keil.
397 2305 430 2327 v.
452 2294 515 2327 IV.
535 2305 570 2336 p.
590 2285 689 2343 220.]
761 2283 1013 2325 Praeterea
1045 2281 1141 2323 vim
1176 2287 1486 2336 naturamque
1515 2279 1532 2322 i
1560 2277 1740 2321 litterae
1764 2276 1944 2320 vocalis

179 2361 448 2419 plenissime
473 2360 700 2404 debemus
725 2373 1026 2418 cognoscere,
1053 2357 1179 2415 quod
1203 2357 1401 2400 duarum
1435 2355 1667 2399 interdum
1701 2354 1805 2398 loco
1840 2368 1945 2397 con-

180 2440 447 2483 sonantium
470 2446 683 2496 ponatur.
754 2438 896 2481 Hanc
923 2437 1046 2480 enim
1072 2450 1128 2479 ex
1153 2449 1238 2478 suo
1271 2447 1463 2477 numero
1488 2432 1678 2477 vocales
1713 2431 1945 2488 duplicem

179 2517 381 2560 litteram
424 2517 626 2569 mittunt,
655 2522 704 2559 ut
738 2522 893 2559 cetera
929 2514 1161 2558 elementa
1195 2513 1453 2556 litterarum
1490 2509 1698 2568 singulas
1735 2507 1945 2566 duplices

180 2595 382 2647 mittunt,
410 2593 467 2637 de
492 2592 662 2651 quibus
697 2607 783 2636 suo
820 2591 1163 2649 disputavimus
1197 2589 1315 2633 loco.
1389 2589 1476 2631 Illa
1501 2602 1613 2645 ergo
1638 2587 1816 2630 ratione
1839 2586 1857 2629 i
1880 2585 1946 2628 lit-

181 2679 281 2715 tera
315 2670 549 2728 duplicem
585 2685 753 2714 sonum
789 2669 1017 2727 designat,
1045 2682 1138 2712 una
1163 2666 1379 2725 quamvis
1404 2666 1555 2724 figura
1578 2665 1650 2718 sit,
1677 2664 1717 2707 si
1740 2662 1947 2720 undique

182 2749 322 2792 fuerit
346 2748 501 2792 cincta
524 2747 785 2801 vocalibus,
812 2754 863 2790 ut
885 2747 1156 2790 acerrimus
1179 2745 1333 2797 Aiax,
1362 2750 1407 2787 et

539 2846 562 2862 “
579 2840 664 2879 Aio
689 2846 743 2887 te,
767 2838 944 2886 Eacida,
970 2839 1198 2878 Romanos
1220 2837 1391 2876 vincere
1412 2834 1584 2887 posse.’'

254 2937 424 3002 Again
452 2938 503 2985 in
530 2939 618 2986 the
646 2937 1043 2986 commentaries
1072 2952 1139 2984 on
1169 2937 1408 2983 Donatus
1435 2949 1509 2981 we
1536 2932 1645 2980 find
1668 2951 1677 2980 ε

263 3038 383 3095 [Keil.
403 3058 436 3079 v.
459 3047 522 3079 IV.
543 3057 578 3087 p.
599 3039 697 3097 421.]
766 3034 911 3078 Plane
948 3033 1189 3078 sciendum
1219 3038 1290 3076 est
1319 3030 1445 3089 quod
1468 3031 1486 3074 i
1509 3030 1629 3073 inter
1653 3028 1770 3072 duas
1793 3028 1947 3085 posita

184 3113 375 3156 vocales
412 3113 458 3155 in
497 3126 590 3156 una
623 3119 755 3168 parte
792 3111 1019 3155 orationis
1055 3124 1140 3167 pro
1173 3108 1358 3152 duabus
1388 3114 1459 3151 est
1488 3104 1871 3158 consonantibus,
1898 3111 1947 3147 ut

193 3192 351 3233 Troia.
