2204 3469
808 284 958 322 WHY
997 284 1091 322 WE
1137 284 1254 323 USE
1293 285 1372 323 [Τ.
1908 287 1958 327 31

213 422 255 470 is
300 430 391 469 not
433 422 648 471 written.
727 424 775 470 It
825 422 867 470 is
912 421 1025 470 said
1068 423 1179 470 that
1230 422 1281 469 in
1332 423 1416 471 the
1468 423 1860 487 neighborhood
1909 428 1961 474 of

214 505 454 570 Olympia
494 505 531 553 it
566 506 607 553 is
648 506 824 569 to—day
860 506 1209 568 pronounced,
1251 507 1447 569 though
1492 515 1582 555 not
1622 508 1836 568 written,
1878 510 1961 557 be-

213 597 377 636 tween
413 597 510 636 two
550 589 737 636 vowels
776 605 832 637 as
870 590 909 651 β
940 589 1090 653 (Eng.
1119 589 1195 655 v).
1272 589 1454 637 Which
1486 591 1541 638 of
1577 591 1723 639 these
1758 592 1960 641 various

214 672 408 720 sounds
448 672 635 720 should
661 673 726 720 be
751 672 903 735 given
930 672 1017 720 the
1045 672 1302 735 digamma
1341 689 1558 736 appears
1585 682 1637 722 to
1663 675 1793 723 have
1828 676 1961 724 been

159 762 171 770 “
213 756 533 803 determined
560 756 628 819 by
653 756 739 803 the
768 756 863 803 law
888 756 942 803 of
967 756 1223 821 euphony.
1302 759 1349 804 It
1376 773 1478 805 was
1514 758 1809 807 sometimes
1836 759 1963 808 writ—

212 847 300 887 ten
326 839 420 887 but
447 846 536 886 not
564 839 801 887 sounded
832 838 956 904 (like
984 855 1076 886 our
1102 837 1178 905 h).

283 923 395 970 The
435 922 675 985 question
714 923 837 970 then
877 922 934 982 is,
964 923 1128 971 which
1168 924 1222 971 of
1259 924 1404 972 these
1432 924 1637 973 various
1676 928 1871 974 sounds
1909 928 1964 975 of

211 1006 299 1054 the
337 1006 594 1069 digamma
633 1005 675 1053 is
714 1007 1049 1068 represented
1087 1008 1156 1070 by
1181 1008 1268 1055 the
1309 1008 1462 1056 Latin
1500 1020 1535 1056 u
1573 1017 1876 1070 consonant,
1906 1026 1963 1058 or

213 1089 340 1137 does
366 1089 405 1136 it
430 1097 695 1152 represent
722 1091 801 1148 all,
832 1107 888 1137 or
914 1106 1064 1150 none,
1094 1091 1149 1138 of
1173 1091 1335 1140 these.

285 1173 546 1236 Speaking
571 1174 625 1221 of
651 1171 695 1233 f,
728 1173 959 1221 Priscian
988 1190 1104 1238 says
1130 1194 1138 1222 ε
1604 1192 1624 1217 ⁸

292 1287 409 1345 [Keil.
429 1310 462 1331 v.
485 1299 534 1330 11.
554 1310 588 1340 p.
609 1292 684 1349 35-]
750 1289 946 1345 Antiqui
994 1291 1314 1333 Romanorum
1359 1290 1522 1334 Aeolis
1567 1299 1814 1349 sequentes
1858 1292 1962 1336 loco

216 1365 514 1421 aspirationis
554 1378 657 1407 eam
701 1364 768 1424 (f)
811 1364 1066 1421 ponebant,
1106 1366 1384 1423 effugientes
1428 1368 1515 1424 ipsi
1560 1383 1745 1425 quoque
1791 1370 1963 1426 aspira-

214 1441 399 1494 tionem,
437 1447 482 1484 et
518 1441 717 1484 maxime
755 1456 860 1484 cum
897 1450 1185 1486 consonante
1221 1443 1505 1488 recusabant
1538 1459 1641 1488 eam
1675 1447 1882 1502 proferre
1917 1447 1963 1488 in

218 1517 384 1561 Latino
409 1532 633 1561 sermone.
700 1517 925 1562 Habebat
950 1525 1103 1563 autern
1127 1519 1243 1563 haec
1267 1520 1290 1564 f
1312 1520 1465 1564 littera
1488 1521 1611 1565 hunc
1635 1536 1801 1565 sonum
1826 1537 1961 1580 quern

220 1609 336 1638 nunc
376 1594 520 1638 habet
557 1608 590 1640 u
629 1581 733 1638 loco
775 1596 1078 1639 consonantis
1116 1597 1282 1653 posita,
1321 1597 1442 1641 unde
1483 1599 1661 1655 antiqui
1699 1599 1750 1643 af
1787 1614 1872 1656 pro
1905 1600 1963 1645 ab

215 1670 418 1714 scribere
453 1671 699 1725 solebant3
735 1671 817 1714 sed
852 1673 962 1729 quia
995 1687 1090 1716 non
1123 1680 1277 1730 potest
1311 1689 1424 1727 vau,
1452 1674 1499 1717 id
1530 1682 1600 1718 est
1628 1676 1889 1734 digamma,
1916 1677 1962 1718 in

216 1748 305 1791 fine
346 1747 554 1806 syllabae
596 1748 802 1801 inveniri,
844 1748 949 1792 ideo
993 1756 1172 1792 mutata
1217 1750 1263 1792 in
1301 1750 1346 1794 b.
1416 1752 1614 1808 Sifilum
1656 1766 1840 1809 quoque
1878 1767 1962 1810 pro

213 1824 410 1867 sibilum
436 1831 554 1868 teste
582 1825 739 1869 Nonio
767 1825 994 1868 Marcello
1018 1826 1072 1869 de
1094 1827 1358 1870 Doctorum
1382 1828 1620 1887 Indagine
1644 1829 1876 1873 dicebant.

286 1958 406 2005 And
433 1957 582 2021 again
609 1978 617 2006 :

290 2067 420 2125 [Pfisc.
470 2078 565 2111 Keil.
584 2091 617 2111 v.
640 2080 691 2112 11.
711 2091 745 2121 p.
770 2073 841 2131 15.]
910 2071 964 2112 In
998 2071 1027 2115 b
1060 2071 1199 2114 etiam
1231 2071 1350 2115 solet
1381 2072 1504 2129 apud
1530 2073 1689 2117 Aeolis
1714 2075 1908 2118 transire
1934 2091 1961 2130 f

214 2145 462 2203 digamma
488 2145 702 2202 quotiens
729 2145 788 2189 ab
809 2162 832 2197 p
853 2147 1015 2203 incipit
1039 2147 1179 2191 dictio
1211 2162 1329 2205 quae
1358 2149 1477 2192 solet
1509 2151 1714 2206 aspirari,
1742 2158 1791 2194 ut
1814 2152 1959 2203 ῥήτωρ,

214 2224 378 2272 βρήτωρ
401 2221 574 2275 dicunt,
602 2222 727 2279 quod
760 2223 1008 2281 digamma
1044 2224 1131 2266 nisi
1165 2224 1317 2268 vocali
1351 2227 1575 2282 praeponi
1599 2233 1644 2269 et
1667 2227 1713 2268 in
1735 2228 1963 2284 principio

215 2297 426 2356 syllabae
452 2312 545 2341 non
575 2305 742 2354 potest.
814 2299 928 2342 Ideo
964 2307 1118 2343 autem
1152 2300 1305 2344 locum
1340 2303 1680 2356 transmutavit,
1709 2304 1817 2360 quia
1839 2305 1868 2349 b
1890 2304 1963 2348 vel

214 2375 462 2433 digamma
487 2382 593 2431 post
614 2391 637 2426 ρ
661 2377 707 2417 in
732 2375 897 2418 eadem
921 2376 1104 2434 syllaba
1137 2378 1425 2433 pronuntiari
1463 2393 1556 2422 non
1586 2386 1753 2435 potest.
1822 2381 1963 2437 Apud

215 2466 301 2495 nos
342 2466 525 2508 quoque
567 2458 636 2494 est
681 2452 886 2495 invenire
926 2453 1050 2509 quod
1090 2468 1175 2510 pro
1213 2467 1246 2499 u
1286 2463 1574 2500 consonante
1612 2457 1641 2501 b
1679 2458 1877 2513 ponitur,
1915 2465 1964 2502 ut

214 2528 399 2580 caelebs,
438 2527 706 2570 caelestium
741 2529 886 2571 vitam
920 2528 1108 2581 ducens,
1145 2544 1227 2586 per
1258 2531 1288 2575 b
1322 2530 1547 2585 scribitur,
1579 2532 1703 2589 quod
1737 2546 1768 2578 u
1803 2548 1964 2578 conso-

215 2618 334 2647 nans
375 2611 479 2647 ante
515 2612 852 2648 consonantem
887 2606 998 2662 poni
1033 2621 1126 2650 non
1161 2614 1326 2663 potest.
1396 2609 1489 2652 Sed
1526 2609 1665 2652 etiam
1697 2611 1885 2669 Bruges
1919 2618 1964 2654 et

213 2681 392 2724 Belena
428 2681 736 2738 antiquissimi
771 2681 1003 2735 dicebant,
1029 2690 1146 2726 teste
1184 2684 1485 2739 Quintiliano,
1523 2686 1598 2742 qui
1636 2686 1723 2730 hoc
1758 2687 1963 2731 ostendit

214 2758 262 2800 in
295 2758 444 2814 primo
480 2759 845 2802 institutionum
867 2761 1234 2803 oratoriarum:
1270 2775 1354 2804 nec
1390 2762 1567 2814 mirum,
1594 2777 1698 2806 curn
1725 2763 1754 2808 b
1779 2777 1962 2821 quoque

215 2834 262 2876 in
283 2847 316 2879 u
340 2834 602 2891 euphoniae
627 2848 771 2878 causa
795 2837 1003 2880 converti
1027 2837 1288 2880 invenimus
1309 2853 1318 2891 3
1355 2845 1403 2881 ut
1425 2841 1611 2896 aufero.

289 2941 434 2999 [Quint.
457 2953 484 2986 Ι.
504 2965 536 2986 v.
556 2947 631 3005 69.]
699 2945 984 3001 Frequenter
1019 2952 1174 2988 autem
1208 2947 1581 3002 praepositiones
1606 2962 1790 3005 quoque
1825 2963 1962 3006 copu-

214 3018 324 3062 latio
356 3019 445 3061 ista
480 3021 765 3076 corrumpit3
801 3020 907 3064 inde
941 3022 1154 3075 abstulit,
1180 3024 1393 3081 aufugit,
1419 3025 1601 3077 amisit,
1631 3039 1736 3068 cum
1771 3039 1962 3082 praepo—

214 3095 320 3138 sitio
345 3096 404 3138 sit
426 3096 484 3139 ab
507 3096 619 3138 sola.
