2204 3469
867 303 1018 342 WHY
1054 303 1147 342 WE
1193 302 1310 342 USE
1349 303 1428 342 IT.
1964 304 2015 346 17

345 445 443 502 [Cic.
464 453 524 487 Or.
545 453 723 486 XLVIII.
748 444 841 500 ιω]
913 442 1036 496 Quin
1077 455 1164 499 ego
1205 442 1316 497 ipse,
1359 456 1465 485 cum
1505 442 1669 485 scirem
1708 443 1772 485 ita
1817 442 2015 500 majores

267 520 447 563 locutos
471 534 573 564 esse
597 527 646 562 ut
670 533 898 575 nusquam
923 518 1011 560 nisi
1034 518 1081 560 in
1104 518 1256 561 vocali
1281 519 1563 574 aspiratione
1588 525 1834 571 uterentur,
1863 519 2016 576 loque-

268 597 353 640 bar
388 597 467 649 sic,
511 603 560 639 ut
594 597 807 653 pulcros,
855 602 1047 653 cetegus,
1094 596 1346 651 trz'umpos,
1394 597 1734 653 Kartaginem,
1782 595 1982 639 dicerem
2006 613 2014 649 ;

269 673 532 731 aliquando,
559 673 697 730 idque
733 687 848 725 sero,
875 672 1086 716 convicio
1122 672 1300 715 aurium
1335 686 1441 715 cum
1475 679 1656 715 extorta
1689 672 1801 714 mihi
1829 674 2013 726 veritas,

268 765 402 794 usum
425 750 645 807 loquendi
670 749 843 806 populo
869 749 1095 802 concessi,
1123 749 1364 792 scientiam
1390 750 1501 791 mihi
1526 750 1772 793 reservavi.

337 869 536 918 Gellius
576 869 764 932 speaks
791 869 844 917 of
869 869 955 916 the
984 868 1218 916 ancients
1251 885 1306 916 as
1341 869 1531 933 having
1568 871 1838 934 employed
1865 871 1951 918 the
1977 870 2014 917 h

267 953 458 1017 merely
483 961 536 1000 to
563 953 665 1000 add
693 970 722 1000 a
748 953 942 1000 certain
977 943 1117 1000 force
1155 954 1258 1000 and
1285 952 1371 1000 life
1399 961 1452 1000 to
1479 954 1566 1001 the
1593 955 1746 1012 word,
1778 955 1828 1001 in
1856 955 2014 1002 imita-

266 1037 375 1084 tion
394 1037 449 1084 of
467 1038 553 1084 the
576 1037 716 1084 Attic
737 1044 944 1099 tongue,
969 1037 1071 1084 and
1093 1045 1415 1085 enumerates
1435 1054 1574 1085 some
1596 1039 1650 1086 of
1666 1039 1811 1086 these
1833 1040 2012 1086 words.

267 1121 427 1179 Thus,
457 1121 521 1168 he
561 1137 692 1185 says,
734 1121 856 1184 they
893 1120 1005 1168 said
1043 1122 1321 1182 lachrymas
1335 1142 1354 1177 ,·
1392 1122 1525 1181 thus,
1566 1123 1882 1183 sepulchrum,
1912 1125 2016 1170 ahe-

267 1221 419 1263 neum,
441 1205 695 1263 vehentem,
712 1205 948 1263 inchoare,
968 1205 1172 1264 helvari,
1193 1206 1506 1264 hallucinari,
1524 1207 1715 1265 honera,
1735 1207 2012 1254 honustum.

343 1316 669 1373 [Gellius11.iii.]
742 1315 798 1356 In
821 1314 893 1357 his
918 1315 1040 1358 enim
1064 1314 1219 1358 verbis
1245 1315 1461 1359 omnibus
1495 1315 1686 1369 litterae,
1713 1330 1795 1359 seu
1830 1317 2017 1373 spiritus

269 1391 401 1434 istius
436 1391 561 1434 nulla
595 1391 713 1434 ratio
738 1391 840 1434 visa
867 1398 949 1444 est,
976 1392 1064 1433 nisi
1088 1399 1138 1434 ut
1161 1392 1354 1435 firmitas
1380 1399 1424 1435 et
1442 1393 1574 1449 vigor
1597 1393 1738 1445 vocis,
1766 1394 1898 1450 quasi
1923 1394 2016 1450 qui-

269 1466 470 1511 busdam
495 1468 648 1510 nervis
674 1467 858 1520 additis,
886 1468 1211 1511 intenderetur.

338 1588 459 1635 And
485 1588 548 1635 he
576 1587 692 1635 tells
725 1604 789 1634 an
827 1587 1132 1651 interesting
1170 1589 1422 1636 anecdote
1463 1590 1619 1637 about
1647 1606 1675 1636 a
1702 1590 2017 1653 manuscript

268 1672 322 1720 of
346 1671 522 1735 Vergil
545 1691 553 1719 :

349 1781 445 1826 Sed
480 1783 702 1839 quoniam
735 1782 884 1826 aheni
916 1797 1101 1840 quoque
1126 1783 1339 1840 exemplo
1364 1783 1433 1826 usi
1457 1798 1629 1837 sumus,
1655 1785 1781 1828 venit
1805 1784 1940 1828 nobis
1971 1785 2017 1827 in

270 1859 552 1912 memoriam,
574 1859 716 1902 fidum
733 1866 1050 1916 optatumque,
1072 1859 1203 1903 multi
1227 1861 1427 1903 nominis
1450 1862 1641 1914 Romae,
1661 1862 2016 1918 grammaticum

267 1935 528 1979 ostendisse
567 1936 679 1978 mihi
715 1936 883 1979 librum
920 1937 1159 1980 Aeneidos
1195 1937 1449 1980 secundum
1485 1937 1723 1981 mirandae
1757 1939 2015 1991 vetustatiS,

268 2020 475 2069 emptum
520 2013 566 2055 in
615 2013 859 2070 Sigillariis
904 2015 1010 2058 XX.
1060 2014 1223 2067 aureis,
1264 2029 1402 2071 quem
1448 2015 1593 2070 ipsius
1637 2014 1829 2072 Vergilii
1874 2015 2017 2058 fuisse

269 2089 521 2143 credebat3
557 2090 603 2131 in
639 2104 731 2146 quo
767 2090 859 2133 duo
894 2090 969 2133 isti
1004 2105 1165 2134 versus
1201 2105 1306 2134 cum
1342 2091 1405 2134 ita
1439 2092 1597 2148 scripti
1633 2092 1817 2134 forent:

463 2181 778 2221 “Vestibulum
800 2188 901 2222 ante
921 2183 1078 2234 ipsum,
1101 2183 1329 2235 primoque
1350 2183 1393 2222 in
1414 2183 1572 2230 limine,
1598 2183 1784 2237 Pyrrhus
1803 2199 1811 2223 ε

505 2252 684 2291 Exultat
706 2252 816 2298 telis,
840 2259 881 2292 et
903 2253 997 2292 luce
1019 2266 1223 2292 coruscus
1245 2253 1396 2292 ae'na.''

344 2347 567 2391 Additam
592 2363 733 2405 supra
756 2349 956 2393 vidimus
980 2352 1012 2393 h
1035 2350 1248 2401 litteram,
1271 2358 1316 2393 et
1338 2350 1492 2393 ahena
1518 2350 1706 2394 factum.
1768 2351 1844 2394 Sic
1870 2351 1915 2393 in
1941 2350 2016 2393 illo

269 2439 453 2482 quoque
478 2425 672 2483 Vergilii
697 2440 834 2469 versu
857 2426 903 2468 in
927 2427 1114 2483 optimis
1138 2427 1268 2470 libris
1291 2428 1512 2484 scriptum
1537 2428 1798 2471 invenimus
1819 2443 1827 2470 :

619 2522 643 2567 .“
660 2518 750 2557 Aut
770 2518 887 2558 foliis
910 2518 1071 2558 undam
1093 2518 1228 2571 tepidi
1249 2518 1468 2571 dispumat
1490 2519 1657 2558 aheni.''

338 2626 363 2674 I
391 2637 681 2676 consonant
707 2630 800 2677 has
827 2631 915 2677 the
943 2631 1111 2678 sound
1138 2631 1192 2678 of
1218 2628 1236 2677 i
1263 2630 1313 2677 in
1341 2631 1428 2678 the
1458 2631 1670 2693 English
1692 2631 1831 2678 word
1857 2632 2012 2677 onion.

336 2712 448 2759 The
492 2713 862 2775 grammarians
908 2714 974 2761 all
1019 2730 1230 2776 express
1274 2715 1586 2762 themselves
1626 2714 1677 2760 in
1717 2714 1891 2777 nearly
1928 2713 2014 2760 the

269 2810 408 2842 same
436 2804 591 2844 terms
619 2813 675 2844 as
702 2805 755 2844 to
784 2796 848 2845 its
876 2798 1169 2845 character:

345 2907 465 2964 [Serg.
488 2916 640 2958 Explan.
660 2917 695 2949 in
713 2918 790 2950 Art.
812 2918 944 2951 Donat.
993 2918 1087 2950 Keil.
1107 2930 1140 2951 v.
1163 2919 1226 2951 IV.
1246 2930 1281 2960 p.
1302 2910 1399 2967 520]
1467 2908 1491 2952 Ῑ
1523 2915 1568 2951 et
1593 2921 1625 2952 U
1654 2908 1805 2950 variaS
1840 2905 2017 2950 habent

267 2988 555 3037 potestates:
592 2997 699 3025 nam
735 2991 842 3027 sunt
883 2983 1134 3040 aliquando
1164 2984 1365 3037 vocales,
1402 2984 1652 3041 aliquando
1688 2990 2013 3035 consonantes,

268 3057 520 3114 aliquando
544 3059 738 3112 mediae,
762 3060 1013 3117 aliquando
1039 3061 1164 3111 nihil,
1188 3061 1439 3117 aliquando
1464 3061 1742 3118 digammae,
1765 3060 2016 3117 aliquando

268 3133 487 3190 duplices.
555 3136 759 3179 Vocales
801 3145 907 3180 sunt
947 3138 1137 3194 quando
1184 3144 1263 3180 aut
1307 3137 1517 3194 singulae
1563 3137 1742 3193 positae
1787 3137 2013 3195 syllabam
