2204 3469
192 313 217 351 6
398 311 525 349 THE
564 310 805 348 ROMAN
835 307 1390 347 PRONUNCJATJON
1426 307 1506 345 OF
1537 307 1751 345 LATJN.

195 453 302 495 Hoc
344 451 468 494 idem
513 449 723 507 plerique
769 447 922 492 solent
967 447 1107 491 etiam
1153 447 1200 489 in
1246 446 1335 489 illis
1378 446 1662 489 dictionibus
1703 446 1873 500 facere,
1912 446 1958 489 in

194 528 363 587 quibus
397 542 423 571 a
453 529 486 572 fi
516 527 647 570 brevi
682 526 909 583 incipiunt
943 524 1154 584 syllabae
1191 523 1496 581 sequentibus
1523 537 1665 579 supra
1692 522 1830 566 dictis
1853 538 1959 567 con-

193 605 484 659 sonantibus,
525 612 574 648 ut
593 605 736 662 fides,
771 603 1009 660 perfidus,
1052 604 1289 659 confiteor,
1325 602 1542 658 infimus,
1563 602 1768 657 firmus.
1841 602 1960 645 Sunt

195 691 349 727 autem
374 683 452 740 qui
476 696 570 725 non
595 681 713 724 adeo
738 680 828 723 hoc
853 680 1122 732 observant,
1150 693 1256 722 cum
1280 678 1338 721 de
1360 678 1414 722 vi
1436 692 1574 721 nemo
1598 678 1695 721 fere
1728 677 1924 721 dubitat.

265 807 418 853 From
446 803 548 852 this
577 803 615 850 it
640 802 809 850 would
838 818 978 849 seem
1006 801 1119 849 that
1147 800 1199 847 in
1226 800 1313 847 the
1341 799 1597 863 positions
1625 799 1789 847 above
1822 815 1959 846 men-

193 890 373 939 tioned
399 886 457 937 vi
484 887 830 936 short—and
856 886 978 934 with
1007 901 1149 933 some
1179 884 1427 947 speakers
1453 882 1492 930 fi
1517 884 1743 931 short—
1762 883 1866 930 had
1894 899 1959 930 an

195 976 427 1033 obscure,
460 973 743 1021 somewhat
778 970 1075 1029 thickened,
1106 968 1290 1027 sound‚
1322 976 1414 1016 not
1441 968 1616 1015 unlike
1649 967 1763 1015 that
1797 967 1960 1015 heard

195 1059 247 1107 in
283 1059 370 1106 the
409 1057 621 1121 English
649 1056 817 1103 words
853 1056 1034 1116 virgin,
1059 1054 1203 1115 firm,
1234 1069 1263 1099 a
1290 1060 1380 1100 not
1407 1050 1682 1099 unnatural
1722 1051 1961 1099 obscura-

194 1143 318 1191 tion.
397 1144 470 1190 As
500 1143 739 1189 Donatus
768 1156 886 1204 says
916 1139 969 1186 of
996 1138 1033 1186 it
1058 1157 1066 1186 ε

271 1242 391 1300 [Keil.
411 1265 443 1285 v.
466 1253 529 1284 IV.
550 1264 584 1293 p.
604 1243 702 1299 367]
774 1240 954 1296 Pingue
980 1239 1140 1281 nescio
1161 1238 1270 1295 quid
1297 1252 1381 1294 pro
1407 1237 1606 1280 naturali
1631 1250 1748 1280 sono
1774 1250 1962 1294 usurpa-

197 1335 312 1363 mus.

272 1427 594 1485 Sometimes,
620 1426 938 1489 apparently,
963 1425 1067 1472 this
1095 1423 1355 1487 tendency
1381 1439 1473 1469 ran
1502 1421 1610 1469 into
1638 1437 1833 1481 excess,
1859 1421 1962 1469 and

197 1513 284 1560 the
318 1513 439 1574 long
471 1509 489 1557 i
516 1527 618 1557 was
659 1511 767 1557 also
801 1509 1089 1566 obscured,
1132 1507 1279 1554 while
1313 1506 1612 1554 sometimes
1648 1506 1735 1553 the
1775 1503 1963 1553 shorti

196 1613 299 1644 was
327 1595 665 1658 pronounced
692 1603 780 1642 too
809 1593 1089 1657 distinctly.
1168 1591 1297 1639 This
1324 1591 1436 1638 vice
1465 1590 1507 1637 is
1535 1590 1867 1637 commented
1895 1606 1961 1637 on

197 1682 266 1746 by
292 1682 379 1728 the
405 1679 792 1744 grammarians,
823 1679 988 1725 under
1015 1678 1101 1724 the
1131 1692 1282 1723 name
1311 1677 1525 1723 iotacism
1545 1695 1562 1722 .·

273 1792 459 1850 [Pompei.
511 1803 648 1836 comm.
683 1802 737 1833 ad
762 1802 896 1833 Donat.
947 1799 1042 1832 Keil.
1073 1811 1106 1831 v.
1135 1799 1179 1832 V.
1207 1810 1241 1839 p.
1273 1789 1370 1846 394]
1439 1787 1753 1830 lotacz'smum
1801 1785 1964 1829 dicunt

197 1871 362 1914 vitium
398 1869 523 1927 quod
558 1884 640 1926 per
674 1869 692 1912 i
726 1868 927 1911 litteram
962 1866 1035 1910 vel
1069 1866 1289 1923 pinguius
1323 1864 1397 1907 vel
1433 1863 1595 1907 exilius
1630 1862 1863 1920 prolatam
1897 1863 1961 1906 fit.

201 1948 325 1991 Galli
360 1947 577 2004 pinguius
613 1946 735 1989 hane
770 1952 973 1997 utuntur,
1002 1951 1051 1987 ut
1085 1958 1190 1987 cum
1227 1942 1386 1985 dicunt
1421 1943 1497 1994 ile,
1524 1955 1618 1984 non
1651 1954 1870 1997 expresse
1902 1940 1965 1996 ip-

199 2040 298 2068 sam
323 2025 627 2081 proferentes,
656 2023 740 2066 sed
775 2024 894 2066 inter
921 2034 945 2067 e
977 2029 1022 2065 et
1052 2022 1070 2064 i
1097 2020 1390 2077 pinguiorem
1427 2033 1594 2061 sonum
1629 2018 1789 2061 nescio
1825 2032 1964 2074 quem

198 2110 439 2160 ponentes
512 2102 682 2144 Graeci
719 2100 882 2144 exilius
917 2099 1039 2141 hanc
1080 2098 1336 2155 proferunt,
1376 2096 1495 2139 adeo
1536 2094 1825 2152 expressioni
1866 2093 1965 2151 ejus

198 2180 327 2224 tenui
351 2179 607 2232 studentes,
637 2186 686 2221 ut
710 2179 748 2221 si
773 2178 1047 2233 dicantjus‚
1077 2173 1414 2232 aliquantulum
1447 2173 1504 2217 de
1533 2173 1676 2230 priori
1710 2172 1863 2215 littera
1897 2172 1964 2214 sic

197 2257 454 2314 proferant,
482 2264 531 2299 ut
554 2256 716 2300 videas
753 2254 1060 2313 dissyllabam
1097 2267 1198 2296 esse
1234 2252 1424 2295 factam.
1498 2252 1742 2293 Romanae
1776 2249 1964 2306 linguae

199 2335 247 2377 in
281 2334 370 2378 hoc
408 2335 492 2378 erit
527 2334 800 2386 moderatio,
827 2339 877 2375 ut
909 2331 1041 2375 exilis
1075 2329 1174 2388 ejus
1210 2344 1352 2373 sonus
1386 2329 1457 2381 sit,
1486 2327 1566 2371 ubi
1599 2327 1659 2370 ab
1689 2341 1745 2370 ea
1770 2325 1965 2370 verbum

199 2413 372 2469 incipit,
411 2419 460 2455 ut
494 2413 570 2465 ile,
609 2418 688 2453 aut
722 2410 950 2467 pinguior,
978 2408 1058 2452 ubi
1093 2408 1140 2450 in
1175 2421 1231 2451 ea
1266 2407 1435 2450 desinit
1468 2405 1677 2459 verbum,
1714 2411 1764 2448 ut
1798 2404 1963 2457 habui,

198 2491 367 2541 lenm)
402 2488 607 2531 medium
634 2487 867 2544 quendam
902 2500 1070 2529 sonum
1100 2485 1217 2528 inter
1251 2496 1275 2529 e
1310 2490 1355 2527 et
1388 2484 1406 2527 i
1441 2482 1598 2536 habet,
1625 2481 1704 2526 ubi
1731 2482 1778 2524 in
1810 2480 1965 2524 medio

199 2581 412 2610 sermone
450 2573 529 2619 est,
557 2572 607 2608 ut
634 2565 889 2609 hominem.
963 2563 1084 2605 Mihi
1112 2569 1271 2605 tamen
1295 2561 1490 2613 videtur,
1518 2559 1706 2617 quando
1734 2558 1965 2616 producta

200 2651 282 2697 est,
320 2644 499 2700 plenior
534 2642 608 2686 vel
647 2642 824 2685 acutior
862 2655 994 2694 esse;
1041 2639 1230 2696 quando
1272 2645 1428 2681 autem
1465 2637 1621 2681 brevis
1658 2643 1728 2680 est
1761 2635 1964 2679 medium

199 2735 364 2764 sonum
392 2719 611 2764 exhibere
636 2718 788 2772 debet,
816 2719 937 2761 sicut
960 2717 1125 2760 eadem
1149 2715 1361 2772 exempla
1387 2729 1506 2772 quae
1541 2714 1696 2771 posita
1730 2720 1838 2757 sunt
1861 2727 1964 2770 pos-

201 2805 308 2841 sunt
332 2797 584 2841 declarare.

270 2906 381 2952 The
407 2903 778 2968 grammarians
808 2903 917 2950 also
945 2910 1066 2949 note
1095 2901 1182 2948 the
1209 2899 1438 2962 peculiar
1458 2898 1675 2946 relation
1697 2898 1752 2945 of
1776 2910 1812 2944 u
1833 2905 1886 2944 to
1907 2909 1960 2957 q,

201 3005 257 3037 as
286 2989 337 3036 in
364 2989 451 3036 the
478 2988 742 3050 following
768 3003 989 3049 passage
1012 3006 1020 3034 :

274 3085 395 3143 [Serg.
419 3095 571 3136 Explan.
592 3096 669 3128 Art.
690 3095 824 3127 Donat.
874 3093 970 3126 Keil.
990 3105 1023 3126 v.
1045 3093 1108 3125 IV.
1129 3104 1163 3133 p.
1184 3084 1279 3140 475]
1347 3081 1390 3126 U
1413 3094 1524 3123 VCI‘O
1553 3080 1643 3122 hOC
1669 3078 1840 3122 aCCidit
1862 3092 1963 3134 pro-

200 3163 363 3220 prium,
392 3170 440 3204 ut
471 3161 700 3204 interdum
730 3176 813 3203 nec
849 3160 1028 3203 vocalis
1064 3174 1146 3201 nec
1184 3171 1451 3200 consonans
1486 3157 1557 3209 sit,
1584 3156 1673 3199 hoc
1703 3162 1773 3199 est
1798 3161 1846 3198 ut
1870 3169 1963 3197 non
