2204 3469
816 296 966 334 WHY
1002 296 1096 334 WE
1142 296 1258 334 USE
1297 297 1376 334 JT.
1913 295 1964 336 41

218 434 450 486 Athenae,
491 434 682 486 Thebae,
714 434 919 490 Cymae;
953 434 1198 490 positione,
1233 441 1282 477 ut
1315 435 1526 487 tabellae,
1549 437 1812 492 fenestrae.
1883 435 1965 479 Sin

219 517 373 553 autem
407 510 561 552 media
595 516 641 553 et
674 510 930 553 novissima
963 509 1129 553 breves
1163 510 1346 562 fuerint,
1373 511 1523 566 prima
1549 510 1755 553 servabit
1779 519 1965 554 acutum

217 593 438 640 tenorem,
476 594 526 629 ut
559 588 775 645 Sergius,
811 587 1039 639 Mallius,
1075 588 1221 639 ascia,
1245 589 1467 643 fuscina,
1494 588 1682 640 Julius,
1713 588 1962 630 Claudius.

221 663 270 707 Si
293 677 453 706 omnes
479 669 571 706 tres
595 663 806 721 syllabae
839 662 1009 720 longae
1044 662 1228 715 fuerint,
1255 662 1409 705 media
1435 670 1636 715 acuetur,
1664 669 1713 706 ut
1739 664 1962 716 Romani,

218 741 374 798 legati,
391 743 658 796 praetores,
675 740 960 796 praedones,

289 845 517 893 Priscian
543 846 662 893 thus
690 846 888 893 defines
915 846 1002 893 the
1030 853 1239 893 accents
1261 865 1270 894 ε

295 945 414 1001 [Keil.
433 953 560 986 v.111.
580 945 731 1002 p.519.]
801 943 983 985 Acutus
1016 956 1217 999 namque
1252 950 1472 986 accentus
1507 943 1612 987 ideo
1648 944 1862 987 inventus
1895 951 1966 988 est

218 1019 343 1076 quod
379 1026 516 1063 acuat
549 1020 645 1062 sive
681 1018 830 1062 elevet
862 1018 1118 1077 syllabam;
1151 1019 1309 1076 gravis
1344 1033 1452 1061 vero
1487 1033 1542 1062 eo
1577 1019 1701 1076 quod
1736 1019 1967 1076 deprimat

219 1103 297 1139 aut
320 1096 526 1152 deponat
547 1111 556 1150 ;
593 1096 917 1139 circumflexus
941 1095 1045 1138 ideo
1070 1094 1196 1152 quod
1220 1095 1449 1151 deprimat
1473 1102 1519 1138 et
1542 1102 1692 1138 acuat.

287 1203 435 1249 Then
475 1203 605 1249 after
634 1202 812 1265 giving
845 1202 931 1249 the
964 1201 1111 1264 place
1139 1202 1194 1249 of
1224 1201 1310 1249 the
1347 1209 1528 1249 accent
1553 1202 1618 1249 he
1647 1209 1794 1250 notes
1823 1218 1964 1250 some

217 1285 508 1348 disturbing
534 1285 832 1345 influences,
862 1285 1028 1332 which
1055 1301 1210 1332 cause
1238 1285 1539 1347 exceptions
1565 1292 1618 1332 to
1644 1285 1732 1332 the
1758 1286 1965 1348 general

216 1369 322 1416 rule
345 1388 354 1417 ε

295 1453 414 1510 [Keil.
434 1473 468 1494 v.
490 1463 564 1495 111.
583 1474 644 1503 pp.
666 1453 845 1510 519-521.]
907 1453 1023 1494 Tres
1048 1451 1235 1508 quidem
1259 1465 1332 1494 res
1358 1458 1632 1495 accentuum
1655 1451 1838 1508 regulas
1863 1465 1966 1495 con·

218 1528 433 1582 turbant3
469 1527 786 1585 distinguendi
820 1528 969 1581 rati03
1004 1528 1337 1584 pronuntiandi
1373 1527 1682 1585 ambiguitas3
1720 1535 1857 1585 atque
1892 1543 1966 1571 ne-

218 1605 424 1648 cessitas.
464 1638 472 1647 .
511 1639 519 1647 .
558 1638 566 1647 .

296 1683 436 1725 Ratio
469 1697 669 1739 namque
705 1682 1020 1739 distinguendi
1054 1682 1205 1739 legem
1240 1689 1516 1725 accentuum
1540 1697 1681 1739 saepe
1705 1681 1964 1726 conturbat.

221 1759 375 1816 Siquis
393 1759 700 1815 pronuntians
721 1758 847 1801 dicat
859 1760 992 1815 pone'
1011 1765 1056 1801 et
1078 1759 1199 1817 ergo‘,
1222 1758 1348 1815 quod
1372 1758 1496 1815 apud
1519 1759 1710 1801 Latinos
1735 1759 1782 1800 in
1805 1758 1966 1801 ultima

217 1835 398 1893 syllaba
432 1836 522 1877 nisi
555 1835 847 1878 discretionis
882 1849 1026 1878 causa
1061 1842 1281 1878 accentus
1315 1835 1426 1891 poni
1455 1849 1547 1878 non
1582 1842 1761 1891 potest:
1797 1850 1853 1878 ex
1876 1835 1965 1878 hoc

219 1919 288 1955 est
328 1912 453 1969 quod
490 1912 688 1954 diximus
715 1913 849 1968 pone'
880 1918 926 1954 et
960 1912 1082 1970 ergo'.
1154 1911 1267 1954 Ideo
1293 1912 1428 1968 pone'
1458 1911 1654 1954 dicimus
1689 1926 1746 1954 ne
1781 1918 1967 1968 putetur

216 1988 411 2032 verbum
435 2003 537 2031 esse
563 1988 824 2044 imperativi
859 1988 998 2041 modi,
1025 1989 1113 2031 hoc
1140 1995 1209 2031 est
1222 1992 1383 2045 p5ne,·
1417 1988 1528 2046 ergo'
1551 1987 1657 2030 ideo
1688 1988 1885 2031 dicimus
1908 2002 1965 2031 ne

217 2072 402 2122 putetur
425 2064 691 2122 conjunctio
714 2065 968 2118 rationalis,
995 2064 1122 2122 quod
1147 2071 1219 2108 est
1240 2066 1361 2123 e'rgo.

295 2141 597 2199 Ambiguitas
636 2156 745 2184 vero
790 2141 1123 2198 pronuntiandi
1161 2141 1314 2198 legem
1360 2148 1636 2185 accentuum
1681 2155 1821 2198 saepe
1861 2155 1965 2184 con-

217 2218 386 2262 turbat.
458 2219 613 2275 Siquis
648 2218 773 2261 dicat
807 2219 1092 2271 interealoci,
1120 2218 1198 2276 qui
1222 2218 1383 2271 nescit,
1411 2218 1603 2261 alteram
1636 2225 1816 2274 partem
1841 2218 1966 2260 dicat

216 2296 411 2348 interea,
451 2295 643 2337 alteram
678 2295 778 2347 loci,
816 2294 942 2351 quod
979 2309 1073 2338 non
1110 2295 1362 2351 separatim
1401 2294 1484 2337 sed
1519 2294 1607 2337 sub
1642 2308 1733 2337 uno
1769 2301 1964 2336 accentu

216 2371 612 2428 pronuntiandum
637 2378 720 2424 est,
747 2386 805 2414 ne
831 2370 1184 2428 ambiguitatem
1208 2371 1254 2413 in
1278 2373 1490 2414 ser‘mone
1514 2371 1671 2414 faciat.

293 2448 566 2491 Necessitas
600 2448 993 2504 pronuntiationis
1032 2447 1240 2504 regulam
1281 2448 1544 2504 corrumpit,
1582 2454 1632 2491 ut
1668 2455 1781 2504 puta
1819 2447 1964 2504 siquis

217 2525 342 2568 dicat
381 2525 427 2566 in
466 2525 625 2580 primis
661 2524 837 2577 doctus,
878 2524 1021 2567 addat
1059 2539 1149 2581 que
1189 2523 1576 2582 conjunctionem,
1614 2524 1829 2580 dicatque
1868 2524 1965 2566 doc-

216 2607 400 2658 tusque,
443 2615 551 2644 ecce
594 2601 640 2643 in
679 2601 1055 2657 pronuntiatione
1103 2608 1347 2644 accentum
1393 2602 1599 2654 mutavit,
1642 2615 1747 2643 cum
1786 2615 1878 2643 non
1918 2600 1964 2642 in

216 2678 422 2721 secunda
446 2677 639 2736 syllaba,
668 2677 751 2720 sed
775 2678 822 2719 in
846 2678 1009 2734 prima,
1038 2685 1280 2721 accentum
1304 2676 1479 2720 habere
1502 2677 1675 2720 debuit.

288 2786 372 2832 He
401 2785 511 2832 also
539 2792 698 2832 states
727 2785 814 2831 the
842 2784 937 2831 law
962 2785 1074 2831 that
1101 2784 1412 2831 determines
1439 2785 1526 2831 the
1553 2784 1678 2830 kind
1706 2784 1758 2830 of
1785 2790 1966 2830 accent

215 2876 269 2915 to
295 2869 359 2915 be
387 2869 517 2915 used
543 2887 551 2915 :

294 2966 371 3022 [Id.
390 2974 437 3007 ib.
458 2986 493 3015 p.
514 2966 610 3022 521.]
683 2963 877 3022 Syllaba
917 2978 1036 3020 quae
1077 2971 1338 3020 correptam
1382 2964 1595 3007 vocalem
1641 2962 1783 3006 habet
1829 2969 1965 3005 acuto

216 3047 411 3083 accentu
434 3041 770 3096 pronuntiatur,
798 3047 848 3082 ut
861 3041 982 3096 pcix,
996 3041 1114 3097 fcix,
1131 3041 1241 3095 pix,
1269 3041 1370 3091 nlx,
1397 3040 1512 3091 dzix,
1539 3041 1655 3091 mix,
1683 3053 1801 3095 quae
1826 3039 1965 3080 etiam

215 3115 294 3158 tali
330 3122 526 3158 accentu
560 3115 906 3172 pronuntianda
939 3122 1021 3168 est,
1059 3116 1272 3173 quamvis
1308 3116 1367 3158 sit
1399 3115 1541 3172 longa
1574 3116 1818 3171 positione,
1857 3114 1966 3170 quia
