2204 3469
126 307 182 348 20
337 309 465 348 THE
502 309 744 348 ROMAN
774 309 1327 350 PRONUNCIATION
1362 311 1444 350 OF
1475 312 1692 352 LATJN.

201 450 321 499 And
343 449 634 510 Quintilian
662 450 851 513 speaks
878 451 934 498 of
959 451 997 498 it
1024 467 1080 499 as
1109 468 1138 499 a
1163 467 1301 500 mere
1330 451 1458 515 sign,
1483 453 1576 501 but
1603 470 1720 519 says
1749 471 1892 504 some

127 533 279 582 think
305 534 343 582 it
370 534 559 582 should
585 534 650 582 be
679 535 810 582 used
835 535 984 583 when
1012 546 1046 583 a
1071 535 1288 595 follows,
1319 552 1376 584 as
1404 536 1568 585 initial
1595 557 1603 586 :

207 647 355 705 [Quint.
377 647 548 704 1.iv.9.]
621 646 683 688 Et
715 646 767 701 k,
795 659 916 703 quae
954 653 999 689 et
1034 647 1139 703 ipsa
1175 647 1470 704 quorundam
1507 649 1747 693 nominum
1781 658 1893 695 nota

127 729 210 767 est.

197 830 319 878 And
341 850 349 878 :

204 943 352 1001 [Quint.
374 953 404 985 Ι.
423 952 482 985 vii.
506 944 579 1002 10.]
652 944 779 985 Nam
813 943 848 987 k
883 943 1074 1000 quidem
1106 944 1153 986 in
1186 944 1322 987 nullis
1346 944 1503 988 verbis
1528 945 1754 989 utendum
1777 953 1891 1003 puto

126 1019 214 1062 nisi
239 1033 360 1076 quae
383 1019 619 1077 significat
638 1020 778 1064 etiam
804 1028 854 1064 ut
876 1020 978 1064 sola
1001 1027 1217 1077 ponatur.
1278 1022 1384 1065 Hoc
1410 1037 1465 1065 eo
1490 1037 1584 1066 non
1609 1024 1744 1066 omisi
1765 1024 1891 1081 quod

127 1096 318 1154 quidam
354 1110 458 1140 eam
494 1098 710 1154 quotiens
744 1111 773 1142 a
807 1104 1029 1155 sequatur
1064 1099 1380 1141 necessariam
1415 1099 1622 1153 credunt,
1649 1115 1754 1144 cum
1782 1101 1842 1145 sit
1868 1113 1892 1147 c

125 1173 292 1228 littera,
320 1188 440 1232 quae
467 1175 527 1217 ad
551 1189 714 1218 omnes
737 1174 927 1218 vocales
950 1175 1045 1218 vim
1070 1190 1204 1219 suam
1226 1176 1447 1233 perferat.

195 1295 325 1343 This
352 1312 443 1344 use
471 1297 526 1344 of
550 1294 608 1356 k,
633 1313 689 1344 as
718 1313 783 1344 an
811 1296 991 1357 initial,
1021 1298 1125 1345 and
1161 1297 1212 1344 in
1245 1297 1441 1346 certain
1468 1299 1651 1360 wordS‚
1679 1316 1783 1348 was
1818 1316 1893 1348 re-

123 1381 321 1445 garded
349 1381 632 1429 somewhat
658 1381 710 1428 in
737 1381 825 1429 the
852 1381 981 1444 light
1008 1382 1062 1429 of
1088 1397 1117 1429 a
1143 1382 1351 1446 literary
1378 1383 1592 1447 ‘fancy'
1659 1383 1889 1432 Priscian

126 1481 245 1530 says
273 1465 327 1513 of
353 1465 391 1513 it
414 1485 422 1513 :

203 1579 323 1637 [Keil.
342 1599 375 1621 v.
397 1588 504 1629 11.p.
527 1580 600 1637 12.]
673 1578 736 1621 Et
770 1578 806 1622 k
843 1577 1030 1635 quidem
1067 1579 1254 1635 penitus
1294 1593 1586 1636 supervacua
1620 1588 1722 1634 est3
1765 1580 1890 1623 nulla

125 1655 249 1699 enim
283 1655 468 1698 videtur
501 1655 621 1698 ratio
657 1669 739 1698 cur
765 1668 794 1700 a
819 1662 1044 1712 sequente
1080 1656 1198 1700 haec
1233 1656 1375 1699 scribi
1410 1656 1608 1700 debeat:
1648 1657 1890 1716 Carthago

125 1733 249 1776 enim
274 1740 319 1776 et
342 1737 489 1790 caput
517 1733 614 1777 sive
642 1747 725 1790 per
747 1746 770 1778 c
795 1733 892 1776 sive
916 1747 998 1790 per
1020 1734 1055 1777 k
1078 1733 1346 1777 scribantur
1381 1734 1555 1777 nullam
1590 1734 1770 1778 faciunt
1804 1749 1889 1779 nec

124 1811 172 1853 in
196 1825 313 1854 sono
338 1825 423 1854 nec
449 1811 496 1853 in
520 1817 754 1867 potestate
780 1810 990 1869 ejusdem
1015 1812 1320 1855 consonantis
1346 1811 1674 1856 differentiam.

195 1930 237 1979 L
263 1931 307 1979 is
333 1932 673 1995 pronounced
713 1948 768 1980 as
808 1931 859 1979 in
901 1932 1132 1996 English,
1163 1933 1285 1998 only
1311 1949 1452 1981 more
1492 1933 1759 1998 distinctly
1784 1934 1888 1982 and

123 2016 246 2064 with
283 2016 370 2064 the
409 2024 602 2080 tongue
640 2032 782 2064 more
821 2017 1000 2081 nearly
1027 2017 1380 2080 approaching
1418 2018 1505 2065 the
1540 2018 1697 2066 teeth.
1775 2019 1888 2066 The

125 2101 293 2149 sound
321 2099 364 2149 is
391 2101 511 2148 thus
538 2100 692 2164 given
720 2101 788 2165 by
813 2100 1114 2149 Victorinus
1140 2121 1148 2149 :

203 2215 323 2272 [Keil.
343 2234 375 2256 v.
396 2223 462 2255 VI.
482 2233 518 2265 p.
537 2213 614 2271 32.]
686 2213 918 2269 Sequetur
941 2212 976 2267 1,
1005 2226 1125 2269 quae
1149 2211 1358 2255 validum
1385 2213 1545 2256 nescio
1570 2212 1682 2270 quid
1706 2220 1887 2270 partem

123 2290 269 2347 palati
289 2303 382 2347 qua
404 2289 709 2346 primordium
729 2288 949 2332 dentibus
968 2289 1148 2345 superis
1174 2296 1245 2332 est
1266 2289 1427 2347 lingua
1445 2289 1674 2344 trudente,
1695 2290 1887 2335 diducto

124 2382 202 2412 ore
225 2366 513 2424 personabit.

194 2491 292 2537 But
324 2488 362 2537 it
395 2487 562 2536 varies
602 2487 883 2552 according
921 2495 974 2536 to
1013 2488 1078 2536 its
1117 2487 1344 2551 position
1384 2488 1435 2536 in
1475 2489 1561 2537 the
1600 2489 1742 2537 force
1782 2490 1886 2537 and

123 2573 460 2622 distinctness
489 2572 606 2620 with
634 2572 801 2620 which
828 2572 867 2620 it
894 2572 936 2620 is
964 2573 1182 2621 uttered.

194 2658 343 2722 Pliny
369 2657 473 2705 and
501 2657 676 2705 others
703 2656 977 2720 recognize
1004 2656 1149 2704 three
1177 2656 1393 2720 degrees
1420 2657 1474 2704 of
1498 2658 1639 2705 force
1665 2677 1674 2705 ε

194 2741 425 2790 Priscian
453 2757 571 2806 says
597 2760 606 2789 ε

197 2852 315 2911 [Keil.
335 2875 368 2896 v.
390 2864 442 2896 ΙΙ.
462 2874 497 2904 p.
516 2854 594 2911 29.]
664 2852 700 2896 L
733 2851 975 2909 triplicem,
1003 2858 1052 2895 ut
1083 2852 1259 2895 Plinius
1282 2852 1475 2905 videtur,
1503 2866 1671 2896 sonum
1707 2852 1852 2896 habet
1875 2868 1883 2896 ε

123 2930 302 2983 exilem,
329 2928 520 2987 quando
553 2929 819 2987 geminatur
853 2929 1062 2972 secundo
1093 2928 1199 2972 loco
1226 2929 1394 2986 posita,
1422 2936 1471 2972 ut
1495 2930 1590 2982 ille,
1616 2930 1883 2981 Metellus,-

122 3007 322 3064 plenum‚
345 3006 536 3065 quando
560 3007 662 3050 finit
685 3007 878 3050 nomina
895 3006 969 3050 vel
993 3006 1214 3065 syllabas,
1237 3014 1282 3050 et
1307 3006 1495 3064 quando
1517 3006 1719 3064 aliquam
1740 3007 1884 3051 habet

124 3093 229 3128 ante
250 3100 298 3128 se
319 3086 365 3127 in
384 3084 549 3129 eadem
567 3084 753 3142 syllaba
772 3091 1124 3137 consonantem,
1146 3091 1196 3127 ut
1213 3083 1295 3136 sol,
1316 3084 1463 3136 silva,
1474 3085 1667 3141 flavus,
1684 3083 1882 3135 clarus,-

122 3162 325 3204 medium
349 3162 395 3203 in
420 3161 536 3214 aliis,
563 3168 613 3205 ut
637 3162 824 3214 lectum,
853 3162 1013 3205 lectus.
