2204 3469
211 309 237 348 4
417 309 546 347 THE
586 308 827 346 ROMAN
857 281 1412 345 PRONUNCIATION
1447 306 1528 344 OF
1560 305 1774 343 LATJN.

292 451 372 509 [Id.
389 459 437 492 ib.
456 459 504 491 vi.
523 450 579 507 9.]
639 447 674 492 O
693 447 887 504 longum
908 453 1076 499 autem,
1097 446 1327 503 protrusis
1345 445 1498 498 labiis,
1519 445 1637 488 rictu
1655 445 1802 498 tereti,
1823 444 1983 502 lingua

216 541 327 569 arcu
351 525 444 569 oris
468 524 688 582 pendula,
716 538 885 567 sonum
909 524 1139 581 tragicum
1165 523 1309 566 dabit.

284 660 331 710 U
370 661 414 709 is
453 661 658 708 uttered
697 660 819 707 with
864 660 951 707 the
998 659 1097 722 lips
1141 659 1449 722 protruding
1487 659 1590 706 and
1629 657 1980 721 approaching

215 747 343 794 each
370 746 532 805 other,
563 745 665 792 like
693 745 780 792 the
809 745 982 792 Greek
1008 763 1090 792 ov:

298 860 376 917 [Id.
396 868 444 901 ib.
464 868 509 900 vi.
533 859 607 916 10.]
677 857 720 902 U
766 857 969 900 litteram
1020 856 1236 914 quotiens
1288 856 1597 908 enuntiamus,
1644 854 1886 911 productis
1938 861 1983 898 et

218 933 496 978 coeuntibus
541 934 686 977 labris
734 933 982 977 efferemus
1019 967 1027 976 .
1067 967 1075 976 .
1113 967 1122 976 .
1159 947 1299 990 quarn
1341 933 1429 975 nisi
1473 946 1556 989 per
1594 949 1638 973 ου
1683 930 1983 989 conjunctam

221 1012 390 1055 Graeci
425 1011 629 1055 scribere
666 1025 720 1054 ac
756 1011 1058 1068 pronuntiare
1095 1024 1190 1053 non
1224 1017 1435 1067 possunt.

289 1148 360 1197 Of
390 1149 537 1196 these
572 1148 670 1195 five
703 1147 891 1195 vowels
932 1147 1019 1194 the
1056 1146 1429 1210 grammarians
1462 1162 1554 1210 say
1579 1146 1691 1193 that
1728 1145 1873 1193 three
1905 1144 1981 1210 (a,

218 1230 256 1293 i,
286 1232 344 1299 u)
376 1233 443 1280 do
471 1240 561 1279 not
589 1232 789 1295 change
817 1231 950 1279 their
978 1231 1176 1295 quality
1201 1230 1322 1278 with
1350 1230 1483 1277 their
1511 1229 1777 1294 quantity:

293 1335 478 1394 [Pompei.
530 1347 667 1379 comm.
694 1346 748 1378 ad
766 1347 903 1379 Donat.
953 1345 1049 1378 Keil.
1071 1357 1104 1378 v.
1129 1346 1171 1378 V.
1198 1357 1233 1387 p.
1265 1336 1359 1394 101.]
1432 1336 1507 1377 De
1543 1335 1644 1377 iStlS
1681 1334 1884 1391 quinque
1919 1333 1986 1376 lit-

221 1415 330 1457 teris
366 1421 459 1456 tres
495 1421 614 1466 sunt,
656 1427 776 1470 quae
813 1413 911 1456 sive
946 1412 1114 1456 breves
1147 1413 1248 1455 sive
1282 1412 1452 1469 longae
1490 1411 1828 1468 ejusdemmodi
1863 1417 1984 1463 sunt,

221 1505 265 1547 a,
293 1492 327 1547 i,
354 1505 386 1536 u
411 1507 418 1534 :
457 1491 666 1533 similiter
691 1490 870 1534 habent
894 1490 991 1533 sive
1016 1490 1186 1547 longae
1210 1490 1308 1532 sive
1333 1489 1514 1533 breves.

295 1629 392 1674 But
418 1636 517 1674 two
549 1626 618 1691 (e,
648 1626 699 1692 ο)
731 1626 930 1688 change
960 1625 1091 1673 their
1120 1625 1315 1689 quality
1340 1645 1347 1672 :

302 1743 380 1800 [Id.
399 1740 472 1797 ὼ]
542 1738 578 1783 Ο
601 1752 711 1781 vero
737 1745 782 1781 et
804 1750 829 1783 e
852 1752 945 1781 non
970 1744 1141 1780 sonant
1164 1736 1345 1780 breves.

299 1816 340 1860 E
377 1815 508 1859 aliter
542 1815 684 1873 longa
720 1815 852 1858 aliter
883 1814 1038 1858 brevis
1071 1822 1220 1857 sonat.
1294 1815 1423 1857 Dicit
1447 1814 1512 1857 ita
1537 1813 1849 1857 Terentianus
1876 1812 1988 1872 (hoc

225 1894 361 1952 dixit)
392 1901 401 1919 ⁴
422 1894 853 1949 Quotienscumque
877 1904 902 1937 e
925 1892 1115 1949 longam
1143 1891 1360 1935 volumus
1389 1891 1600 1948 proferri,
1627 1891 1782 1934 vicina
1805 1890 1865 1933 sit
1889 1889 1949 1932 ad
1972 1889 1990 1933 i

224 1970 454 2014 litteram.'
529 1970 635 2026 Ipse
670 1984 813 2012 sonus
849 1969 917 2012 sic
953 1968 1094 2012 debet
1128 1983 1309 2022 sonare,
1338 1968 1575 2025 quomodo
1604 1975 1743 2011 sonat
1773 1967 1791 2010 i
1820 1966 1987 2010 littera.

228 2048 429 2103 Quando
465 2047 580 2090 dicis
610 2049 779 2100 evitat,
809 2047 967 2090 vicina
997 2045 1139 2089 debet
1165 2061 1280 2098 esse,
1308 2046 1373 2089 sic
1402 2059 1578 2102 pressa,
1606 2045 1673 2087 sic
1700 2051 1913 2102 angusta,
1941 2050 1991 2086 ut

224 2125 379 2168 vicina
414 2125 473 2167 sit
509 2124 568 2167 ad
602 2125 620 2168 i
653 2124 868 2167 litteram.
939 2123 1141 2178 Quando
1173 2123 1243 2166 vis
1276 2122 1429 2166 dicere
1455 2122 1647 2165 brevem
1671 2134 1696 2167 e
1719 2120 1991 2177 simpliciter

225 2209 374 2245 sonat.
434 2202 469 2247 Ο
493 2201 635 2258 longa
660 2202 719 2244 sit
744 2215 803 2243 an
826 2200 997 2244 brevis.
1059 2201 1109 2244 Si
1132 2200 1275 2257 longa
1300 2208 1383 2253 est,
1410 2199 1551 2243 debet
1575 2213 1718 2242 sonus
1746 2199 1844 2255 ipse
1869 2198 1991 2240 intra

225 2279 436 2336 palatum
461 2293 643 2332 sonare,
666 2286 716 2321 ut
739 2279 779 2321 si
803 2279 930 2322 dices
950 2285 1128 2331 orator,
1151 2278 1286 2335 quasi
1310 2278 1430 2320 intra
1455 2284 1603 2330 sonat,
1625 2277 1747 2319 intra
1765 2275 1987 2332 palatum.

229 2357 279 2400 Si
302 2356 458 2399 brevis
489 2364 559 2399 est
586 2356 726 2399 debet
755 2356 915 2412 primis
948 2355 1091 2398 labris
1126 2369 1307 2409 sonare,
1335 2355 1471 2412 quasi
1507 2354 1724 2398 extremis
1757 2352 1914 2406 labris,
1942 2359 1991 2395 ut

225 2441 340 2490 puta
374 2434 441 2477 sic
473 2434 600 2477 dices
632 2435 739 2477 obit.
811 2433 976 2477 Habes
1013 2434 1151 2476 istam
1185 2432 1395 2490 regulam
1431 2445 1702 2488 expressam
1737 2431 1784 2473 in
1820 2432 1990 2473 Teren-

226 2512 368 2554 tiano.
441 2511 644 2566 Quando
667 2512 739 2554 vis
765 2511 1020 2567 exprimere
1047 2511 1157 2567 quia
1181 2509 1336 2553 brevis
1363 2516 1444 2562 est,
1466 2509 1628 2565 primis
1654 2507 1798 2551 labris
1823 2513 1989 2561 sonat3

227 2588 415 2645 quando
441 2589 659 2644 exprimis
684 2588 886 2645 longam,
914 2589 1035 2630 intra
1059 2587 1266 2644 palatum
1292 2594 1440 2629 sonat.

305 2697 397 2753 [Ars
423 2705 543 2738 Gram.
572 2706 662 2737 Mar.
691 2706 783 2737 Vict.
811 2705 854 2737 de
880 2705 1028 2745 Orthog.
1056 2711 1090 2737 et
1119 2705 1161 2736 de
1192 2704 1300 2736 Metr.
1332 2705 1428 2743 Rat.‚
1461 2704 1488 2735 Ι.
1516 2703 1562 2735 vi.
1592 2696 1646 2753 9.]
1712 2692 1748 2736 Ο
1783 2705 1862 2748 qm
1897 2704 1992 2733 COI‘-

227 2778 409 2828 reptum
450 2772 673 2825 enuntiat,
712 2786 796 2814 nec
838 2785 1011 2827 magno
1053 2770 1182 2813 hiatu
1217 2770 1350 2812 labra
1385 2769 1623 2821 reserabit,
1662 2775 1706 2811 et
1740 2775 1990 2811 retrorsum
2056 2804 2058 2808 .

229 2856 382 2892 actam
406 2848 614 2905 linguam
639 2848 830 2891 tenebit.

299 2985 347 3030 It
384 2983 553 3031 would
591 2984 710 3030 thus
751 2999 891 3030 seem
927 2983 1040 3030 that
1076 2983 1162 3030 the
1201 2983 1323 3045 long
1360 2993 1387 3029 e
1426 2982 1480 3029 of
1517 2982 1604 3028 the
1642 2980 1794 3027 Latin
1834 2979 1885 3025 in
1925 2978 1990 3026 its

226 3067 591 3130 prolongation
621 3068 785 3114 draws
821 3067 930 3114 into
958 3067 1044 3114 the
1081 3064 1099 3113 i
1139 3066 1322 3125 sound,
1354 3066 1635 3113 somewhat
1668 3080 1723 3111 as
1752 3063 1790 3109 if
1816 3060 1834 3109 i
1860 3078 1990 3109 were

229 3150 521 3214 subjoined,
555 3167 609 3197 as
640 3150 688 3196 in
719 3151 805 3197 the
836 3150 1048 3212 English
1078 3152 1185 3197 vein
1215 3166 1270 3196 or
1300 3149 1488 3195 Italian
1501 3149 1672 3210 fedele.
