2204 3469
201 290 254 329 42
413 290 541 329 THE
581 290 822 328 ROMAN
851 290 1409 330 PRONUNCJATJON
1444 292 1526 330 OF
1557 292 1772 332 LATJN.

202 429 474 473 naturaliter
498 428 654 472 brevis
680 436 764 472 est.
837 430 970 485 Quae
993 443 1105 473 vero
1129 430 1404 473 naturaliter
1431 430 1662 488 producta
1686 439 1756 476 est
1780 433 1969 478 circum-

200 506 323 550 flexo
355 512 555 549 accentu
579 506 885 562 exprimenda
909 513 981 550 est
1004 513 1067 560 ut,
1090 505 1182 560 rbs,
1203 505 1299 560 dds,
1326 506 1448 564 ssz.
1521 508 1824 567 Dissyllabae
1858 526 1969 555 vero

202 597 322 641 quae
345 584 548 641 priorem
565 583 847 640 productam
870 583 1050 627 habent
1075 591 1119 627 et
1137 585 1445 640 posteriorem
1469 593 1746 642 correptam,
1766 587 1970 644 priorem

200 660 434 719 syllabam
470 661 854 715 circumflectunt,
898 669 947 705 ut
981 661 1124 715 mbta,
1169 661 1326 705 ζ’νέία.
1398 662 1514 706 Illae
1549 677 1660 707 vero
1701 678 1821 721 quae
1860 673 1970 710 sunt

200 738 368 783 ambae
387 738 559 797 longae
583 738 659 783 vel
683 739 810 795 prior
833 738 991 782 brevis
1017 746 1063 782 et
1087 739 1278 783 ulterior
1301 739 1445 797 longa
1470 748 1610 784 acuto
1646 749 1843 786 accento
1866 757 1969 800 pro-

199 815 487 860 nuntiandae
533 823 654 870 sunt,
695 823 744 859 ut
783 818 939 873 ne'pos,
989 817 1121 875 leges,
1171 818 1313 875 reges.
1386 819 1493 861 Hae
1538 833 1650 861 vero
1696 833 1816 876 quae
1861 827 1969 864 sunt

201 893 368 937 ambae
392 893 562 937 breves
585 893 798 937 similiter
822 901 961 937 acuto
987 902 1186 938 accentu
1209 895 1521 951 proferuntur,
1548 902 1598 939 ut
1620 896 1781 951 bonus,
1808 898 1966 941 melos.

202 971 297 1015 Sed
332 971 592 1015 notandum
628 971 756 1029 quod
785 972 824 1014 si
851 972 978 1028 prior
1001 972 1061 1015 sit
1083 971 1225 1030 longa
1260 972 1494 1029 positione
1525 988 1620 1016 non
1652 974 1964 1030 circumflexo,

198 1049 282 1092 sed
317 1056 468 1103 acuto,
496 1056 694 1093 accentu
717 1049 1065 1106 pronuntianda
1090 1057 1172 1103 est,
1200 1057 1250 1093 ut
1276 1065 1435 1104 arma,
1461 1065 1620 1104 arcus,
1649 1066 1782 1108 quae,
1809 1067 1968 1109 quam-

197 1126 268 1170 vis
305 1127 364 1170 sit
401 1126 544 1184 longa
583 1127 831 1184 positione,
869 1133 1026 1170 tamen
1061 1126 1366 1183 exprimenda
1403 1134 1474 1171 est
1507 1128 1589 1171 tali
1625 1136 1822 1173 accentu
1858 1130 1968 1187 quia

198 1218 292 1248 non
317 1211 388 1248 est
411 1204 652 1247 naturalis.

278 1281 575 1340 Trisyllabae
611 1296 814 1339 namque
840 1290 885 1326 et
908 1281 1240 1341 tetrasyllabae
1275 1283 1373 1327 sive
1409 1283 1644 1340 deincepS,
1672 1285 1711 1327 si
1742 1285 1967 1341 paenulti-

197 1373 323 1401 mam
359 1366 622 1416 correptam
658 1359 921 1413 habuerint,
949 1359 1398 1416 antepaenultimam
1423 1368 1561 1404 acuto
1587 1369 1784 1405 accentu
1815 1362 1967 1419 profe-

197 1443 316 1490 runt,
344 1443 393 1480 ut
423 1437 633 1490 Tzillius,
667 1437 932 1480 Hostilius.
1005 1438 1132 1479 Nam
1156 1437 1455 1493 paenultima,
1483 1438 1522 1480 si
1555 1439 1790 1495 positione
1824 1439 1967 1497 longa

196 1513 348 1567 fuerit,
398 1521 601 1567 acuetur,
659 1514 1059 1571 antepaenultima
1110 1528 1222 1558 vero
1274 1514 1561 1572 gravabitur,
1616 1522 1667 1559 ut
1722 1517 1963 1571 Camillus,

195 1591 440 1634 Mete'llus.
513 1591 561 1635 Si
596 1605 707 1634 vero
745 1605 801 1634 ex
835 1598 965 1634 muta
1002 1598 1047 1635 et
1083 1591 1261 1648 liquida
1295 1591 1439 1649 longa
1472 1592 1520 1635 in
1554 1607 1692 1636 versu
1727 1608 1831 1637 esse
1860 1608 1966 1637 con—

197 1675 302 1721 stat,
340 1669 387 1711 in
425 1668 635 1712 oratione
675 1683 861 1726 quoque
901 1676 1147 1712 accentum
1187 1676 1349 1723 mutat,
1387 1677 1437 1713 ut
1473 1670 1696 1724 latebrae,
1734 1672 1963 1715 tene'brae.

199 1744 394 1804 Syllaba
438 1760 549 1789 vero
597 1746 770 1799 ultima,
819 1747 860 1789 si
905 1745 1062 1789 brevis
1109 1747 1169 1790 sit
1214 1753 1260 1790 et
1303 1746 1641 1804 paenultimam
1695 1748 1966 1792 naturaliter

195 1822 388 1881 longam
428 1823 646 1866 habuerit
687 1824 837 1880 ipsam
872 1824 1211 1880 paenultimam
1252 1824 1590 1879 circumflectit,
1628 1832 1679 1868 ut
1718 1825 1962 1885 ζείῆἐὲτιε,

197 1899 422 1958 ρενόὲῑις.
490 1901 670 1944 Ultima
694 1915 893 1958 quoque,
920 1901 959 1944 si
984 1901 1257 1944 naturaliter
1280 1901 1422 1959 longa
1445 1902 1600 1955 fuerit,
1627 1902 1964 1959 paenultimam

196 1985 344 2031 acuet,
372 1985 422 2021 ut
444 1978 489 2020 Α
499 1978 680 2032 llze'nae,
706 1980 952 2035 Myce'nae.
1024 1978 1101 2022 Ad
1136 1978 1258 2022 hanc
1295 1986 1451 2022 autem
1475 1994 1572 2023 rem
1605 1980 1720 2023 arsis
1751 1986 1796 2024 et
1819 1980 1964 2024 thesis

194 2056 502 2098 necessariae.
574 2056 700 2097 Nam
741 2056 787 2098 in
828 2070 1111 2114 unaquaque
1152 2064 1285 2113 parte
1326 2057 1536 2100 oratione
1578 2057 1695 2100 arsis
1736 2064 1782 2100 et
1819 2057 1964 2101 thesis

194 2140 315 2186 sunt,
353 2148 447 2176 non
484 2133 531 2175 in
570 2133 732 2176 ordine
774 2133 1075 2192 syllabarum,
1112 2133 1195 2177 sed
1234 2134 1283 2176 in
1316 2135 1719 2191 pronuntiatione:
1756 2135 1883 2179 velut
1916 2136 1963 2178 in

194 2210 283 2254 hac
319 2217 451 2267 parte
486 2217 684 2264 natura,
712 2218 761 2254 ut
785 2211 976 2268 quando
1012 2211 1118 2254 dico
1154 2218 1277 2255 natu
1314 2211 1521 2255 elevatur
1543 2226 1647 2265 VOX,
1677 2219 1722 2255 et
1747 2219 1818 2256 est
1846 2213 1964 2256 arsis

193 2288 343 2342 intus3
380 2288 570 2345 quando
590 2302 702 2331 vero
726 2289 936 2345 sequitur
959 2303 1016 2331 ra
1042 2302 1134 2332 vox
1159 2288 1419 2345 deponitur,
1442 2296 1487 2332 et
1511 2296 1582 2332 est
1601 2289 1745 2332 thesis
1771 2289 1961 2334 deforis.

196 2366 434 2421 Quantum
471 2372 628 2409 autem
662 2365 961 2422 suspenditur
984 2380 1077 2409 vox
1100 2381 1182 2423 per
1207 2366 1333 2409 arsin
1357 2373 1541 2410 tantum
1576 2366 1848 2423 deprimitur
1880 2382 1963 2424 per

192 2442 358 2486 thesin.
431 2442 526 2487 Sed
551 2443 653 2499 ipsa
676 2457 767 2486 vox
792 2457 912 2500 quae
936 2458 1021 2498 per
1045 2443 1274 2486 dictiones
1298 2444 1527 2487 formatur
1551 2443 1701 2487 donec
1738 2451 1961 2488 accentus

192 2520 461 2576 perficiatur
485 2520 531 2562 in
557 2520 681 2563 arsin
709 2520 972 2577 deputatur,
1001 2534 1121 2578 quae
1153 2528 1308 2564 autem
1341 2527 1448 2578 post
1473 2528 1718 2564 accentum
1753 2521 1963 2578 sequitur

193 2597 240 2639 in
264 2597 429 2641 thesin.

265 2717 324 2762 In
365 2716 453 2763 the
493 2722 680 2763 matter
705 2716 760 2763 of
790 2716 1092 2778 exceptions
1128 2723 1180 2764 to
1216 2717 1304 2764 the
1338 2716 1446 2764 rule
1481 2716 1594 2764 that
1621 2723 1805 2764 accent
1832 2716 1959 2764 does

193 2806 284 2846 not
309 2799 400 2846 fall
428 2816 496 2847 on
517 2800 604 2847 the
632 2799 883 2859 ultimate,
906 2816 981 2847 we
1002 2801 1111 2847 find
1140 2816 1168 2847 a
1196 2800 1478 2848 somewhat
1499 2800 1629 2848 wide
1652 2800 1958 2863 divergence

192 2883 247 2930 of
283 2882 496 2945 opinion
539 2900 728 2946 among
765 2884 852 2931 the
897 2884 1287 2947 grammarians.
1368 2885 1520 2932 Some
1566 2884 1620 2932 of
1656 2885 1798 2932 them
1841 2883 1958 2947 give

192 2982 470 3014 numerous
510 2967 828 3030 exceptions‚
870 2967 1204 3032 particularly
1238 2967 1290 3014 in
1335 2968 1423 3015 the
1460 2967 1868 3031 distinguishing
1905 2968 1960 3015 of

190 3058 333 3112 parts
373 3051 427 3098 of
464 3052 672 3114 speech,
712 3068 783 3112 as,
819 3052 901 3099 for
939 3051 1191 3112 instance,
1232 3052 1469 3100 between
1509 3052 1596 3100 the
1635 3068 1775 3100 same
1815 3051 1956 3099 word

191 3135 320 3182 used
348 3151 404 3183 as
432 3135 624 3183 adverb
653 3153 709 3184 or
734 3135 1070 3199 preposition,
1101 3152 1158 3184 as
1185 3135 1297 3184 dnte
1322 3136 1426 3184 and
1453 3137 1594 3192 ant&
1633 3152 1690 3184 or
1719 3136 1955 3184 between
