2204 3469
123 307 177 347 26
334 307 462 346 THE
502 306 742 345 ROMAN
773 304 1327 344 PRONUNCIATJON
1362 305 1443 344 OF
1475 305 1691 344 LATJN.

197 450 438 496 Donatus
466 462 584 511 says
612 445 725 493 that
751 444 854 493 this
882 445 1030 493 nasal
1057 445 1228 493 sound
1249 445 1303 492 of
1327 457 1363 492 n
1390 445 1578 493 should
1603 445 1670 493 be
1697 453 1892 494 strenu-

125 532 275 596 ously
301 530 558 580 observed
584 550 592 578 :

204 645 325 702 [Keil.
344 665 378 686 v.
400 653 464 686 IV.
484 664 519 694 p.
539 643 637 701 442]
710 640 832 684 Illud
856 641 1269 685 vehementissime
1294 640 1548 684 observare
1576 640 1817 695 debemus,
1843 648 1895 685 ut

124 735 209 764 con
245 728 291 764 et
325 721 377 763 in
413 719 722 777 quotiensque
757 725 868 775 post
901 732 952 762 se
986 717 1166 762 habent
1200 731 1225 762 s
1259 717 1334 761 vel
1361 718 1384 761 f
1409 718 1625 771 litteram,
1651 717 1893 762 videamus

127 796 524 855 quemadmodum
546 796 919 853 pronuntientur.
990 794 1270 852 Plerumque
1301 795 1424 838 enim
1458 809 1553 839 non
1587 795 1894 840 observantes

127 876 172 918 in
197 874 519 918 barbarismos
544 873 834 917 incurrimus.

198 994 278 1044 Gn
303 995 356 1043 in
382 996 470 1043 the
497 994 859 1043 terminations
878 1010 1024 1056 gnus,
1047 1011 1166 1055 gna,
1189 1010 1360 1055 gnum,
1389 995 1499 1055 has,
1531 994 1810 1058 according
1841 1002 1893 1043 to

130 1080 375 1140 Priscian,
405 1081 492 1128 the
519 1095 691 1142 power
716 1087 770 1127 to
797 1079 1045 1142 lengthen
1072 1079 1160 1126 the
1187 1078 1526 1141 penultimate
1552 1079 1728 1127 vowel.

207 1193 343 1251 [Prisc.
364 1193 420 1250 1.]
492 1191 632 1234 Gnus
651 1205 851 1247 quoque,
871 1190 946 1234 vel
955 1205 1074 1249 gna,
1095 1190 1169 1233 vel
1179 1205 1352 1249 gnum,
1374 1191 1685 1244 terminantia,
1707 1190 1895 1248 longam

129 1268 310 1312 habent
343 1268 557 1311 vocalem
591 1267 927 1324 penultimam3
973 1279 1024 1311 ut
1059 1281 1086 1310 a
1121 1282 1278 1326 regno,
1316 1282 1555 1326 regnumj
1592 1281 1620 1310 a
1652 1273 1736 1321 sto,
1772 1274 1897 1327 stag-

131 1361 280 1398 numj
317 1360 344 1388 a
367 1347 488 1399 bene,
514 1347 782 1404 benzgnusj
820 1359 847 1387 a
870 1345 1010 1398 male,
1038 1346 1323 1404 malzgnus;
1359 1344 1420 1389 ab
1448 1345 1608 1399 abiete,
1635 1345 1896 1404 abiegnus,-

125 1425 334 1482 prz'vzgrn
341 1439 398 1466 us
406 1439 432 1475 j
467 1424 640 1482 Pelzgn
648 1438 717 1465 us.

204 1517 461 1583 (Perhaps
489 1517 576 1564 the
605 1516 769 1579 liquid
797 1516 980 1576 sound,
1012 1532 1068 1564 as
1096 1516 1148 1563 in
1174 1516 1366 1582 caiz'on.)

201 1642 244 1691 P
271 1643 313 1692 is
340 1643 677 1707 pronounced
705 1659 762 1691 as
790 1643 841 1690 in
872 1643 1102 1706 English.

209 1755 324 1813 [Mar.
345 1766 438 1798 Vict.
488 1765 585 1798 Keil.
603 1776 636 1798 ν.
657 1765 722 1798 VI.
740 1776 775 1806 p.
796 1756 872 1814 32.]
941 1754 982 1798 E
1023 1754 1193 1812 quibus
1233 1755 1262 1799 b
1299 1761 1344 1798 et
1379 1767 1411 1812 p
1450 1754 1632 1799 litterae
1669 1789 1677 1798 .
1717 1789 1725 1798 .
1764 1788 1773 1798 .
1810 1754 1898 1798 dis-

132 1833 233 1890 pari
257 1833 377 1876 inter
401 1847 451 1876 se
475 1832 569 1876 oris
589 1832 740 1875 officio
761 1832 1091 1888 exprimuntur.
1153 1834 1278 1875 Nam
1298 1832 1448 1889 prima
1467 1832 1659 1889 exploso
1685 1847 1709 1876 e
1734 1832 1898 1875 mediis

131 1910 270 1954 labiis
294 1924 441 1964 sono3
477 1924 694 1967 sequens,
712 1924 984 1966 compresso
1008 1924 1102 1963 ore,
1122 1910 1250 1953 velut
1273 1910 1523 1953 introrsum
1549 1916 1749 1954 attracto
1768 1910 1899 1968 vocis

133 1988 241 2041 ictU,
269 1987 537 2045 explicatur.

204 2107 244 2171 Q
271 2110 365 2157 has
393 2109 481 2156 the
511 2109 681 2157 sound
709 2110 762 2157 of
790 2108 1005 2172 English
1032 2120 1065 2169 q
1092 2109 1143 2155 in
1171 2109 1258 2156 the
1286 2109 1454 2157 words
1489 2111 1640 2171 quire,
1670 2110 1825 2172 quz'ck.

206 2192 438 2241 Priscian
467 2209 585 2257 says
610 2213 618 2241 ε

213 2307 333 2364 [Keil.
353 2325 386 2345 v.
408 2314 460 2345 ΙΙ.
480 2324 515 2354 p.
539 2307 612 2364 12.]
681 2305 730 2349 Κ
755 2305 879 2348 enim
904 2312 948 2348 et
971 2316 1018 2360 q,
1047 2305 1261 2362 quamvis
1285 2305 1436 2362 figura
1471 2311 1516 2348 et
1551 2305 1741 2348 nomine
1776 2303 1898 2348 vide-

136 2389 271 2425 antur
306 2383 509 2440 aliquam
546 2382 720 2426 habere
756 2382 1082 2435 differentiam,
1111 2396 1217 2425 curn
1240 2393 1263 2426 c
1287 2388 1445 2425 tamen
1482 2381 1695 2434 eandem,
1722 2388 1817 2425 tam
1852 2382 1898 2424 in

136 2474 252 2503 sono
276 2474 458 2513 vocum,
486 2474 628 2517 quam
653 2460 699 2502 in
724 2466 884 2512 metro,
910 2465 1194 2516 potestatem
1218 2459 1471 2502 continent.

207 2581 328 2628 And
355 2580 507 2644 again
529 2600 538 2628 ε

212 2694 290 2750 [Id.
310 2703 357 2735 ib.
378 2714 412 2743 p.
432 2694 509 2751 36]
582 2693 655 2735 De
679 2705 710 2748 q
733 2706 919 2750 quoque
943 2691 1225 2735 sufficienter
1243 2705 1386 2748 supra
1404 2698 1655 2735 tractatum
1675 2698 1758 2744 est,
1779 2704 1899 2748 quae

137 2769 225 2811 nisi
250 2768 446 2812 eandem
470 2769 565 2812 vim
590 2768 786 2812 haberet
808 2782 949 2826 quam
972 2781 1011 2813 c.

210 2889 408 2937 Marius
435 2890 734 2937 Victorinus
764 2906 881 2954 says
908 2909 916 2937 :

216 3002 336 3059 [Keil.
356 3023 389 3043 v.
410 3011 475 3043 VI.
496 3023 530 3051 p.
551 3002 606 3058 5-]
680 3001 798 3044 Item
834 3001 1093 3057 superfluas
1130 3000 1360 3057 quasdam
1383 3000 1598 3043 videntur
1631 3000 1841 3052 retinere,
1866 3013 1900 3043 x

139 3083 185 3120 et
207 3078 241 3120 k
265 3084 309 3120 et
332 3089 362 3132 q
398 3110 406 3119 .
445 3111 454 3119 .
494 3111 502 3119 .
544 3078 634 3120 Pro
657 3078 693 3120 k
717 3084 762 3120 et
791 3089 838 3133 q,
865 3089 888 3122 c
923 3076 1077 3120 littera
1111 3076 1331 3121 facillime
1366 3075 1646 3131 haberetur;
1679 3089 1714 3120 x
1745 3082 1900 3119 autem

138 3167 222 3211 per
245 3166 268 3198 c
293 3161 397 3198 ets.
