2204 3469
825 293 976 333 WHY
1011 294 1106 333 WE
1151 293 1267 332 USE
1306 294 1386 333 lT.
1922 294 1976 335 39

303 432 355 476 M
380 446 577 489 quoque,
603 431 676 475 vel
704 444 752 487 p,
779 431 852 474 vel
874 436 914 486 t,
942 431 989 473 in
1020 430 1309 487 simplicibus
1344 430 1639 485 dictionibus,
1665 432 1705 474 si
1730 432 1976 475 antecedat

229 521 271 564 s,
299 507 506 565 ejusdem
533 514 602 551 est
624 507 847 565 syllabae,
875 514 924 550 ut
946 522 1133 559 cosmos,
1151 508 1451 564 perspz'rare,
1479 509 1626 551 testis.

308 585 363 626 In
386 583 745 627 semivocalibus
770 583 977 626 similiter
999 590 1106 626 sunt
1125 584 1467 639 praepositivae
1493 584 1593 626 aliis
1617 584 1976 627 semivocalibus

229 661 275 704 in
299 660 463 704 eadem
487 659 668 718 syllaba
691 675 699 713 3
736 667 785 702 ut
807 672 856 702 m
881 666 1102 716 sequente
1127 672 1176 714 n,
1204 666 1254 702 ut
1276 661 1538 712 Mnesteus,
1565 661 1739 702 amnis.

300 766 441 814 Each
468 766 617 813 letter
637 766 731 812 has
759 765 824 813 its
855 765 1036 825 ‘time,'
1066 781 1122 813 or
1151 764 1359 813 ‘timesss
1422 765 1566 813 Thus
1595 781 1624 812 a
1650 765 1791 813 short
1817 766 1976 813 vowel

229 849 324 897 has
346 849 431 896 the
454 849 575 896 time
603 849 657 896 of
682 865 779 896 one
806 849 926 896 beat
952 848 1159 914 (mora);
1199 865 1228 895 a
1254 848 1376 911 long
1396 848 1569 908 vowel,
1594 849 1647 896 of
1672 856 1770 896 two
1797 849 1974 908 beats;

232 949 262 980 a
292 932 457 996 single
496 940 800 992 consonant,
829 933 883 979 of
917 948 946 978 a
980 932 1088 978 half
1116 933 1267 991 beat;
1308 948 1337 979 a
1363 932 1553 980 double
1592 940 1896 991 consonant,
1926 933 1980 979 of

230 1032 328 1064 one
367 1017 501 1064 beat.
577 1015 970 1079 Theoretically,
1000 1015 1271 1074 therefore,
1302 1032 1331 1062 a
1358 1015 1573 1079 syllable
1612 1031 1728 1080 may
1761 1016 1890 1063 have
1920 1032 1977 1063 as

231 1116 385 1164 many
415 1116 472 1148 as
510 1101 667 1160 three,
704 1116 762 1147 or
799 1115 927 1148 even
965 1100 1095 1159 four,
1125 1107 1339 1160 tempora
1355 1120 1374 1155 ,·
1411 1100 1504 1147 but
1535 1100 1834 1164 practically
1859 1100 1980 1164 only

232 1192 330 1232 two
358 1200 442 1232 are
468 1184 791 1247 recognized.
863 1183 947 1232 All
975 1200 1096 1231 over
1121 1191 1220 1231 two
1248 1199 1332 1230 are
1360 1183 1695 1246 disregarded
1723 1184 1825 1231 and
1851 1184 1979 1231 each

232 1268 446 1332 syllable
473 1267 515 1316 is
542 1267 727 1332 simply
753 1268 978 1315 counted
1007 1267 1179 1315 ‘short
1197 1268 1207 1288 ’
1241 1266 1362 1332 (one
1388 1267 1533 1334 beat)
1564 1283 1620 1314 or
1650 1267 1826 1330 ‘long'
1858 1266 1979 1332 (two

231 1352 421 1418 beats),

305 1435 534 1483 Priscian
562 1451 679 1499 says
706 1454 714 1482 ε

313 1534 431 1591 [Keil.
451 1554 484 1575 v.
507 1543 556 1575 11.
576 1553 610 1584 p.
632 1534 706 1590 52.]
780 1532 834 1574 In
868 1531 1020 1589 longis
1055 1538 1220 1575 natura
1250 1531 1324 1575 vel
1358 1531 1588 1588 positione
1618 1530 1709 1574 duo
1741 1539 1847 1574 sunt
1872 1538 1980 1574 tem-

233 1623 360 1666 pora,
388 1616 436 1651 ut
458 1609 528 1661 do,
554 1623 670 1660 ars;
706 1608 798 1651 duo
823 1608 976 1661 semis,
1004 1607 1193 1665 quando
1224 1615 1330 1664 post
1353 1607 1563 1651 vocalem
1598 1614 1762 1650 natura
1790 1607 1978 1664 longam

233 1700 325 1729 una
359 1686 565 1742 sequitur
589 1698 867 1738 consonans,
895 1691 944 1728 ut
966 1685 1068 1736 ντοί]
1103 1685 1202 1737 tria,
1230 1684 1416 1742 quando
1453 1691 1560 1741 post
1582 1684 1792 1727 vocalem
1816 1691 1979 1728 natura

231 1762 421 1820 longam
445 1762 564 1806 duae
588 1769 902 1805 consonantes
926 1769 1193 1819 sequuntur,
1220 1761 1291 1805 vel
1318 1775 1409 1804 una
1432 1761 1616 1818 dupleX‚
1638 1768 1688 1804 ut
1711 1776 1859 1814 mons,
1881 1776 1977 1804 rex.

233 1842 414 1883 Tamen
439 1840 485 1882 in
509 1846 655 1882 metro
687 1853 878 1882 necesse
903 1846 974 1882 est
998 1852 1373 1896 unamquamque
1399 1837 1628 1896 syllabam
1651 1837 1724 1881 vel
1749 1838 1882 1880 unius
1906 1838 1978 1880 vel

233 1917 426 1960 duorum
452 1916 601 1973 accipi
624 1923 896 1972 temporum.

985 2024 1221 2070 ACCENT.

301 2135 413 2183 The
453 2134 822 2198 grammarians
867 2134 955 2182 tell
1000 2150 1059 2181 us
1104 2134 1216 2181 that
1261 2149 1412 2197 every
1450 2133 1661 2197 syllable
1700 2133 1793 2180 has
1834 2133 1976 2180 three

232 2218 567 2278 dimensions,
608 2218 801 2281 length,
840 2217 1059 2265 breadth
1099 2217 1201 2264 and
1240 2216 1430 2279 height,
1473 2232 1530 2262 or
1567 2223 1713 2274 tenor,
1755 2218 1973 2277 spiritus,

231 2309 449 2363 tempus:

308 2387 428 2444 [Keil.
450 2395 560 2436 Supp.
581 2406 615 2436 p.
636 2385 808 2442 XV111.]
881 2382 1044 2427 Habet
1083 2383 1221 2426 etiam
1267 2396 1574 2439 unaquaeque
1614 2380 1794 2440 syllaba
1832 2382 1976 2425 altitu-

231 2461 399 2515 dinem,
421 2460 712 2504 latitudinem
737 2467 782 2503 et
805 2459 1140 2517 longitudinem
1162 2475 1170 2513 ;
1213 2458 1502 2501 altitudinem
1526 2458 1572 2500 in
1597 2464 1754 2501 tenore
1776 2473 1785 2512 3
1817 2459 1977 2501 crassi-

230 2538 437 2581 tudinem
460 2537 533 2581 vel
556 2536 859 2589 latitudinem,
886 2536 932 2578 in
956 2536 1143 2592 spiritu3
1180 2534 1514 2592 longitudinem
1539 2534 1585 2576 in
1610 2541 1828 2590 tempore.

301 2644 582 2692 Diomedes
610 2659 727 2707 says
753 2662 761 2690 ε

306 2743 426 2800 [Keil.
445 2762 478 2784 v.
500 2752 529 2784 Ι.
548 2762 583 2792 p.
602 2742 699 2799 430.]
769 2740 1004 2782 Accentus
1045 2744 1116 2781 est
1155 2737 1304 2780 dictus
1346 2736 1405 2780 ab
1447 2736 1715 2789 accinendo‚
1755 2736 1879 2793 quod
1919 2737 1976 2779 sit

229 2818 362 2875 quasi
396 2817 585 2875 quidam
620 2816 842 2874 cujusque
877 2814 1085 2874 syllabae
1121 2820 1298 2858 cantus.

298 2924 420 2972 And
448 2923 630 2972 Cicero
652 2945 664 2971 ·.

307 3008 404 3064 [Cic.
425 3016 485 3050 Or.
505 3007 679 3064 XV111.]
751 3005 862 3061 Ipsa
885 3004 1006 3048 enim
1031 3010 1209 3055 natura,
1236 3002 1369 3059 quasi
1404 3000 1717 3044 modularetur
1740 3000 1974 3044 hominem

228 3083 499 3135 orationem,
526 3082 572 3124 in
596 3082 722 3125 omni
744 3081 888 3124 verbo
913 3080 1069 3137 posuit
1093 3086 1277 3123 acutam
1301 3092 1475 3131 vocem,
1503 3091 1587 3120 nec
1622 3091 1713 3119 una
1747 3077 1861 3133 plus,
1890 3091 1974 3120 nec

231 3172 257 3200 a
280 3165 516 3215 postrema
540 3157 723 3216 syllaba
748 3158 863 3200 citra
887 3157 1083 3200 tertiam.
