2204 3469
873 304 1023 343 WHY
1060 302 1154 342 WE
1200 302 1317 342 USE
1356 303 1436 342 IT.
1972 301 2021 343 21

350 444 636 507 Pompeius,
666 443 716 491 in
744 443 824 492 his
851 442 1244 491 commentaries
1271 459 1337 490 on
1369 444 1620 501 Donatus,
1645 443 1822 490 makes
1852 443 2024 507 nearly

277 529 364 576 the
392 544 531 575 same
560 535 851 585 statement,
881 527 1028 574 when
1054 527 1278 589 treating
1304 527 1357 574 of
1386 528 1673 573 ‘labdacz'sm
1693 525 1704 548 7
1719 546 1735 572 .-

355 627 474 683 [Keil.
495 646 527 667 v.
548 635 590 667 V.
609 646 644 676 p.
664 626 760 682 394]
829 623 1202 666 Labdacismum
1238 623 1401 665 vitium
1425 623 1471 664 in
1496 636 1551 665 eo
1576 636 1677 665 esse
1710 622 1869 665 dicunt
1900 623 2025 680 quod

278 701 442 744 eadem
478 700 630 743 littera
665 700 738 743 vel
775 700 1002 752 subtilius,
1041 713 1068 742 a
1103 699 1399 757 quibusdam,
1435 698 1508 742 vel
1542 699 1772 756 pinguius,
1810 699 2023 742 ecfertur.

280 778 342 820 Et
364 791 412 820 re
438 791 548 820 vera
573 776 842 820 alterutrum
867 777 1028 819 vitium
1054 776 1337 834 quibusdam
1359 775 1578 833 gentibus
1602 782 1684 818 est.
1756 777 1880 818 Nam
1918 791 2026 820 ecce

279 854 448 897 Graeci
471 853 701 896 subtiliter
725 853 847 896 hunc
871 867 1037 896 sonum
1062 854 1286 896 ecferunt.
1353 851 1449 896 Ubi
1474 852 1595 895 enim
1616 852 1774 895 dicunt
1799 853 1881 895 ille
1903 853 2031 895 mihi

275 931 405 974 dixit
438 931 503 973 sic
540 938 679 973 sonat
715 930 835 973 duae
870 931 908 974 11
942 931 1117 986 primae
1153 929 1363 988 syllabae
1399 929 1532 986 quasi
1562 943 1645 986 per
1670 944 1809 972 unum
1834 931 1852 973 1
1876 944 2027 973 serrno

276 1007 374 1063 ipse
399 1008 633 1050 consistet.
704 1009 878 1050 Contra
913 1007 988 1049 alii
1024 1007 1090 1050 sic
1125 1006 1427 1063 pronuntiant
1461 1007 1543 1048 ille
1579 1021 1734 1049 meum
1771 1008 2028 1050 comitatus

276 1086 382 1137 iter,
409 1091 454 1127 et
487 1085 630 1127 illum
663 1099 742 1142 ego
768 1088 865 1141 per
880 1085 1124 1141 flammas
1156 1084 1321 1140 erzpuz‘
1353 1090 1402 1126 ut
1437 1082 1611 1139 aliquid
1641 1083 1731 1126 illic
1762 1084 1862 1126 soni
1888 1085 2026 1127 etiarn

275 1161 574 1204 consonantis
616 1161 888 1204 ammiscere
924 1160 1182 1213 videantur,
1221 1159 1348 1217 quod
1384 1160 1717 1217 pinguissimae
1754 1160 2027 1216 prolationis

276 1245 358 1281 est.
428 1240 646 1281 Romana
678 1237 836 1294 lingua
871 1236 1243 1280 emendationem
1278 1236 1424 1279 habet
1448 1237 1494 1278 in
1518 1236 1607 1280 hoc
1633 1251 1817 1294 quoque
1843 1237 2028 1281 distinc-

275 1315 412 1358 tione.
482 1316 606 1356 Nam
633 1313 803 1357 alicubi
835 1314 1067 1371 pinguius,
1095 1313 1266 1356 alicubi
1291 1312 1431 1356 debet
1466 1313 1641 1366 exilius,
1668 1314 1865 1370 proferri
1888 1330 1896 1357 :
1932 1315 2027 1371 pin-

273 1392 409 1448 guius
446 1406 550 1434 cum
573 1390 645 1434 vel
668 1391 698 1435 b
721 1391 940 1447 sequitur,
968 1397 1017 1433 ut
1041 1390 1087 1432 in
1110 1391 1251 1441 alben·
1285 1390 1358 1433 vel
1382 1402 1421 1446 c,
1449 1397 1498 1433 ut
1530 1390 1575 1432 in
1602 1391 1847 1447 pulchro,·
1882 1391 1955 1434 vel
1984 1391 2024 1447 f,

274 1475 324 1511 ut
358 1468 403 1510 in
437 1469 627 1525 adelfi&
661 1467 735 1511 vel
760 1480 808 1524 g,
837 1474 886 1510 ut
909 1468 955 1509 in
978 1468 1127 1525 alga;
1162 1466 1235 1510 vel
1258 1479 1324 1522 m,
1352 1474 1401 1510 ut
1425 1467 1470 1509 in
1496 1468 1764 1523 pulmone;
1799 1468 1871 1511 vel
1902 1480 1951 1524 p,
1978 1476 2027 1512 ut

274 1545 321 1587 in
343 1546 563 1602 scalpro:
598 1544 761 1588 exilius
787 1552 941 1587 autern
964 1543 1247 1600 proferenda
1271 1551 1341 1587 est
1364 1543 1644 1601 ubicumque
1670 1544 1729 1587 ab
1755 1558 1810 1588 ea
1834 1544 2025 1588 verbum

273 1622 463 1678 incipit3
499 1628 548 1665 ut
582 1621 629 1663 in
663 1622 830 1678 lepore,
858 1622 987 1674 lana,
1015 1621 1164 1678 lup02·
1198 1620 1272 1664 vel
1296 1620 1375 1663 ubi
1404 1621 1451 1662 in
1475 1621 1639 1664 eodem
1663 1620 1808 1664 verbo
1834 1628 1879 1664 et
1902 1622 2026 1678 prior

273 1697 454 1756 syllaba
478 1699 525 1741 in
548 1698 636 1741 hac
661 1698 828 1751 finitur,
856 1705 901 1741 et
924 1712 1124 1754 sequens
1149 1696 1210 1740 ab
1236 1711 1290 1741 ea
1315 1698 1488 1753 incipit,
1515 1705 1565 1741 ut
1588 1698 1670 1740 ille
1694 1705 1739 1741 et
1760 1699 1917 1742 Allia.

344 1821 404 1866 In
446 1819 662 1866 another
691 1818 837 1881 place
876 1818 940 1865 he
980 1818 1169 1881 speaks
1196 1818 1251 1864 of
1288 1818 1375 1865 the
1414 1817 1655 1865 Africans
1683 1834 1739 1865 as
1769 1819 2024 1867 ‘abound-

272 1902 387 1965 ing'
433 1902 484 1949 in
527 1902 628 1950 this
672 1902 799 1960 vice,
841 1902 943 1949 and
989 1902 1043 1949 of
1085 1901 1218 1949 their
1255 1901 1615 1964 pronouncing
1651 1903 1882 1949 Metellus
1919 1903 2022 1950 and

277 1987 507 2034 Catullus
521 2006 541 2043 ,·
579 1987 802 2046 fidetelus,
838 1987 1045 2033 Catulus
1062 2005 1078 2032 .-

349 2084 468 2141 [Keil.
487 2105 521 2125 v.
540 2093 583 2125 V.
602 2104 637 2134 p.
657 2083 755 2141 287.]
829 2082 884 2124 In
908 2081 981 2124 his
1011 2081 1149 2125 etiam
1186 2081 1484 2138 agnoscimus
1519 2082 1727 2139 gentium
1752 2083 1893 2137 vitia3
1929 2083 2022 2126 lab-

270 2159 498 2202 dacismz‘s
532 2166 714 2202 scatent
738 2159 858 2211 Afri,
883 2172 988 2202 raro
1013 2165 1083 2201 est
1106 2165 1156 2201 ut
1181 2159 1346 2215 aliquis
1383 2158 1508 2202 dicat
1531 2160 1574 2204 1:
1617 2173 1699 2215 per
1731 2160 1969 2216 geminum
2004 2161 2022 2204 1

270 2236 337 2279 sic
381 2235 630 2293 loquuntur
677 2235 891 2288 Romani,
940 2249 1101 2278 omnes
1151 2235 1302 2278 Latini
1347 2235 1414 2278 sic
1465 2235 1728 2292 loquuntur,
1779 2237 2017 2289 Catullus,

268 2313 511 2356 Metellus.

339 2416 398 2465 M
426 2418 468 2466 is
494 2379 831 2483 pronounced
858 2434 913 2465 as
941 2417 992 2464 in
1022 2417 1251 2481 English,
1281 2425 1465 2480 except
1490 2418 1667 2466 before
1694 2430 1746 2478 q,
1776 2419 1942 2467 where
1981 2419 2019 2467 it

268 2502 363 2550 has
390 2518 419 2549 a
446 2502 590 2549 nasal
619 2502 802 2561 sound,
832 2502 934 2549 and
962 2501 1108 2548 when
1134 2501 1271 2548 final.

344 2600 458 2657 [Mar.
478 2608 571 2641 Vict.
620 2607 714 2641 Keil.
735 2620 767 2640 v.
788 2609 852 2640 VI.
872 2619 907 2649 p.
927 2599 1003 2656 32.]
1071 2597 1124 2641 M
1150 2597 1386 2654 impressis
1410 2597 1608 2641 invicem
1631 2597 1767 2641 labiis
1791 2599 2016 2656 mugitum

269 2674 503 2732 quendam
527 2675 647 2718 intra
671 2675 763 2717 oris
788 2688 978 2730 specum
1004 2674 1212 2717 attractis
1239 2673 1430 2717 naribus
1454 2673 1597 2717 dabit.

339 2782 437 2828 But
462 2780 564 2828 this
594 2780 859 2843 ‘mooing’
889 2780 1070 2839 sound,
1096 2779 1146 2827 in
1168 2780 1333 2828 which
1362 2797 1419 2828 so
1446 2796 1599 2844 many
1619 2781 1672 2828 of
1697 2780 1830 2828 their
1849 2782 2014 2829 words

267 2865 450 2924 ended,
475 2881 576 2912 was
605 2873 695 2912 not
721 2865 1008 2927 altogether
1033 2864 1269 2927 pleasing
1289 2872 1341 2912 to
1363 2865 1449 2912 the
1474 2866 1674 2912 Roman
1702 2880 1801 2912 ear.
1858 2865 2016 2924 Quin-
2097 2870 2102 2874 '

265 2948 409 2996 tilian
437 2948 680 2996 exclaims
709 2948 911 3012 against
937 2948 1005 2996 it:

346 3051 491 3107 [Quint.
513 3060 654 3092 X11.x.
675 3052 750 3108 31.]
823 3049 945 3104 Quid
980 3048 1106 3105 quod
1140 3048 1361 3105 pleraque
1398 3062 1480 3091 nos
1516 3047 1593 3090 illa
1617 3049 1749 3105 quasi
1781 3049 2014 3106 mugiente

265 3123 416 3167 littera
438 3124 667 3168 cludimus
690 3137 756 3181 m,
785 3138 876 3182 qua
902 3125 1076 3168 nullum
1103 3125 1284 3168 Graece
1308 3123 1503 3168 verbum
1528 3124 1666 3167 cadit.
