2204 3469
207 302 265 344 40
421 305 550 343 THE
589 305 830 345 ROMAN
859 306 1412 346 PRONUNCIATION
1446 307 1528 345 OF
1559 306 1768 346 LATIN.

281 445 394 493 The
414 445 787 508 grammarians
815 447 1087 510 recognize
1109 447 1253 496 three
1283 456 1491 496 accents
1517 468 1526 508 ;
1563 448 1658 495 but
1677 447 1979 513 practicahy

208 546 283 578 we
311 530 447 578 need
484 530 605 578 take
645 539 869 579 account
895 532 950 580 of
979 532 1072 580 but
1098 540 1213 592 two,
1244 531 1512 580 inasmuch
1551 548 1606 579 as
1635 532 1724 579 the
1759 532 1897 580 third
1933 532 1976 580 is

209 616 404 681 merely
430 615 684 679 negative.
762 616 876 664 The
916 617 1133 680 syllable
1171 616 1365 680 having
1397 617 1485 664 the
1516 632 1671 680 grave
1708 624 1890 665 accent
1915 616 1972 677 is,

209 717 266 749 as
296 717 368 749 we
396 701 584 749 should
613 701 1091 766 say,·unaccented.

288 815 432 873 [Diom.
484 824 578 857 Keil.
598 837 631 857 v.
653 826 682 857 Ι.
702 836 738 866 p.
758 816 856 874 430.]
929 816 1049 858 Sunt
1072 828 1183 857 vero
1213 821 1319 867 tres,
1344 820 1521 867 acutus,
1547 814 1719 871 gravis,
1746 821 1792 858 et
1817 814 1896 871 qui
1919 829 1978 858 ex

209 890 395 934 duobus
419 898 606 935 constat
630 891 968 935 circumflexus.
1041 892 1114 934 Ex
1142 891 1229 944 his,
1258 899 1421 934 acutus
1445 891 1493 933 in
1517 891 1742 948 correptis
1777 905 1971 948 semper,

207 968 440 1012 interdum
462 969 704 1026 productis
729 968 922 1028 syllabis
945 976 1189 1023 versatur,
1225 969 1423 1012 inflexus
1451 970 1527 1028 (or
1554 968 1904 1012 ‘circumflexus
1922 969 1974 1029 ⁷),

207 1046 254 1089 in
279 1046 351 1089 his
377 1061 497 1104 quae
520 1046 867 1104 producuntur3
902 1047 1061 1104 gravis
1088 1053 1243 1089 autem
1267 1060 1352 1103 per
1375 1060 1425 1089 se
1450 1060 1692 1103 nunquam
1720 1047 1976 1090 consistere

207 1122 255 1165 in
278 1123 372 1167 ullo
395 1123 542 1167 verbo
576 1131 745 1181 potest,
772 1123 856 1167 sed
884 1123 931 1166 in
963 1123 1037 1166 his
1070 1123 1116 1165 in
1149 1122 1321 1180 quibus
1355 1123 1553 1166 inflexus
1589 1129 1673 1176 est,
1702 1129 1781 1166 aut
1812 1130 1976 1167 acutus

208 1207 389 1244 ceteras
413 1200 623 1260 syllabas
649 1200 844 1244 obtinet.

278 1337 390 1385 The
419 1353 560 1385 same
587 1336 757 1385 writer
783 1337 904 1384 thus
930 1336 1075 1401 gives
1103 1337 1191 1385 the
1218 1337 1367 1400 place
1395 1337 1450 1385 of
1476 1337 1605 1385 each
1633 1345 1816 1385 accent
1839 1357 1848 1385 z

286 1450 406 1507 [Keil.
425 1471 458 1492 v.
480 1460 509 1492 Ι.
529 1471 564 1501 p.
584 1451 683 1508 431]
750 1449 980 1508 (Acutus)
1005 1448 1129 1505 apud
1153 1449 1345 1491 Latinos
1365 1448 1457 1491 duo
1477 1456 1657 1491 tantum
1676 1448 1781 1492 loca
1801 1456 1971 1503 tenent,

205 1525 543 1583 paenultimum
579 1533 623 1569 et
658 1526 1138 1582 antepaenultimum3
1174 1526 1500 1569 circumflexus
1537 1533 1706 1579 autem,
1745 1526 1974 1582 quotlibet

205 1601 492 1661 syllabarum
517 1603 577 1647 sit
601 1603 759 1657 dictio,
781 1617 876 1646 non
900 1602 1079 1646 tenebit
1102 1603 1191 1645 nisi
1214 1602 1553 1659 paenultimum
1576 1602 1745 1646 locum.
1807 1604 1972 1647 Omnis

204 1679 345 1737 igitur
367 1694 476 1737 pars
495 1680 721 1723 orationis
746 1680 868 1723 hanc
894 1681 1122 1723 rationem
1141 1681 1535 1737 pronuntiationis
1556 1680 1743 1723 detinet.
1807 1681 1972 1724 Omnis

204 1771 297 1801 vox
330 1757 659 1816 monosyllaba
694 1757 870 1815 aliquid
905 1758 1190 1815 significans,
1218 1757 1257 1800 si
1292 1757 1448 1801 brevis
1484 1765 1567 1812 est,
1595 1765 1797 1812 acuetur,
1824 1765 1874 1802 ut
1897 1758 1969 1812 ab,

204 1835 309 1890 mel,
332 1835 449 1894 felj
485 1842 542 1889 et,
580 1835 619 1878 si
652 1836 887 1893 positione
922 1835 1065 1893 longa
1099 1835 1252 1888 fuerit,
1291 1842 1479 1879 acutum
1519 1835 1728 1878 similiter
1762 1842 1972 1880 tenorem

204 1912 412 1966 habebit,
439 1920 489 1956 ut
527 1928 624 1967 ars,
657 1917 800 1971 pars,
828 1915 939 1971 pix,
979 1915 1081 1967 nix,
1110 1916 1230 1972 fax.
1302 1913 1386 1957 Sin
1427 1920 1583 1956 autem
1622 1913 1765 1971 longa
1805 1920 1971 1957 natura

201 1989 353 2044 fuerit,
380 1990 604 2045 flectetur,
632 1997 682 2034 ut
705 1991 807 2044 lux,
832 1992 1077 2048 spes,fl0s‚
1103 1991 1188 2044 sol,
1217 2006 1366 2044 mons,
1379 1993 1517 2049 fons,
1545 1991 1619 2033 lis.

281 2068 447 2111 Omnis
480 2082 573 2111 vox
608 2067 867 2126 dissyllaba
900 2069 1103 2125 priorem
1138 2068 1369 2126 syllabam
1406 2076 1485 2111 aut
1526 2069 1650 2111 acuit
1691 2076 1771 2112 aut
1809 2069 1968 2112 flectit.

202 2145 357 2199 Acuit‚
391 2145 466 2189 vel
500 2160 606 2189 cum
640 2145 797 2189 brevis
832 2153 903 2190 est
937 2153 1147 2203 utraque,
1185 2153 1235 2189 ut
1273 2146 1402 2200 deus,
1440 2147 1579 2199 citus,
1617 2146 1780 2200 datur,
1818 2153 1967 2198 arat,-

201 2222 275 2265 vel
312 2237 418 2266 cum
462 2223 697 2280 positione
742 2222 887 2281 longa
926 2230 998 2266 est
1038 2230 1247 2279 utraque,
1289 2230 1338 2265 ut
1376 2223 1581 2274 sollers,·
1628 2222 1703 2265 vel
1749 2222 1967 2266 alterutra

200 2300 433 2356 positione
467 2300 609 2358 longa
644 2299 755 2343 dum
791 2315 849 2344 ne
884 2307 1051 2343 natura
1084 2299 1229 2357 longa
1262 2301 1335 2353 sit,
1369 2300 1506 2356 prior,
1534 2307 1584 2343 ut
1607 2304 1830 2358 pontus,·
1863 2315 1966 2357 pos-

201 2378 353 2430 terior,
381 2385 432 2422 ut
455 2377 634 2421 cohors.
707 2378 758 2422 Si
781 2392 892 2421 vero
926 2379 1053 2435 prior
1087 2377 1271 2436 syllaba
1305 2384 1473 2420 natura
1506 2376 1649 2434 longa
1685 2384 1730 2420 et
1765 2391 1965 2434 sequens

201 2453 357 2497 brevis
381 2455 533 2509 fuerit,
558 2455 759 2499 flectitur
781 2456 920 2512 prior,
948 2462 1000 2498 ut
1025 2455 1160 2509 luna,
1185 2456 1356 2498 Roma.

279 2531 335 2574 In
371 2531 622 2590 trisyllabis
664 2539 821 2576 autem
861 2539 907 2576 et
941 2531 1257 2591 tetrasyllabis
1295 2539 1340 2575 et
1377 2531 1613 2589 deincepS,
1654 2532 1862 2576 secunda
1904 2532 1963 2576 ab
1994 2534 1997 2535 ⁷

200 2609 361 2652 ultima
395 2624 579 2666 semper
609 2608 910 2653 observanda
941 2616 1023 2653 est.
1093 2610 1243 2663 Haec,
1270 2609 1310 2652 si
1345 2616 1513 2652 natura
1546 2609 1689 2667 longa
1722 2609 1874 2662 fuerit,
1900 2610 1963 2652 in-

199 2686 411 2740 flectitur,
458 2693 508 2730 ut
551 2688 819 2740 Romanus,
866 2687 1109 2745 Cethegus,
1157 2688 1398 2739 marinus,
1444 2686 1717 2743 Crispinus,
1759 2688 1960 2740 amicus,

199 2765 426 2817 Sabinus,
455 2765 713 2821 Quirinus,
740 2765 915 2808 lectica.
987 2765 1036 2807 Si
1060 2778 1172 2807 vero
1208 2763 1373 2807 eadem
1407 2764 1695 2820 paenultima
1729 2764 1962 2820 positione

198 2841 339 2899 longa
362 2842 516 2895 suerit,
544 2848 746 2894 acuetur,
773 2848 824 2884 ut
847 2842 1091 2894 Metellus,
1117 2842 1358 2894 Catullus,
1379 2841 1651 2884 Marcellus
1663 2855 1681 2894 ;
1715 2841 1780 2884 ita
1803 2847 1960 2885 tamen

196 2918 237 2960 si
270 2919 502 2975 positione
536 2918 679 2976 longa
713 2933 808 2962 non
843 2933 899 2961 ex
934 2925 1063 2961 muta
1098 2924 1144 2961 et
1177 2917 1355 2974 liquida
1383 2917 1536 2960 fuerit.
1609 2919 1736 2960 Nam
1759 2917 1962 2961 mutabit

198 3003 456 3050 accentum,
494 3002 544 3039 ut
579 2996 801 3050 latebrae,
843 2995 1073 3039 tenebrae.
1145 2995 1208 3038 Et
1247 2994 1288 3037 si
1327 2995 1583 3037 novissima
1619 3002 1785 3038 natura
1817 2994 1960 3052 longa

196 3072 398 3130 itemque
432 3073 731 3130 paenultima,
758 3073 858 3116 sive
893 3080 1062 3116 natura
1096 3072 1194 3115 sive
1229 3072 1465 3128 positione
1499 3071 1642 3129 longa
1675 3072 1828 3125 fuerit,
1853 3086 1958 3128 pae-

195 3149 390 3192 nultima
424 3156 605 3192 tantum
641 3156 845 3202 acuetur,
873 3163 965 3191 non
1001 3149 1296 3204 inflectetur3
1332 3149 1414 3201 sic,
1442 3155 1621 3201 natura,
1649 3156 1699 3191 ut
1728 3149 1955 3202 Fidenae,
