2204 3469
839 282 989 322 WHY
1030 284 1123 322 WE
1170 285 1287 323 USE
1327 286 1407 324 lT.
1968 290 1990 330 7

241 419 301 462 sit
336 419 500 472 littera,
535 433 639 462 cum
677 420 794 463 inter
826 432 856 475 q
892 427 937 464 et
974 421 1173 477 aliquam
1210 422 1421 466 vocalem
1457 425 1654 480 ponitur.
1725 427 1848 469 Nam
1886 441 1989 470 con-

240 510 413 539 sonans
449 510 540 538 non
575 503 730 552 potest
754 511 868 549 esse,
896 498 1004 554 quia
1030 505 1135 540 ante
1159 512 1209 541 se
1245 498 1389 542 habet
1414 500 1605 543 alteram
1635 511 1986 556 consonantem,

240 572 286 616 id
317 580 387 616 est
413 584 472 628 q3
510 573 684 615 vocalis
719 587 822 616 esse
858 587 950 617 non
984 581 1150 630 potest,
1183 576 1292 632 quia
1326 577 1532 633 sequitur
1566 577 1690 620 illam
1724 579 1913 634 vocalis,
1941 588 1989 624 ut

239 664 403 706 quare,
431 650 671 706 quomodo.

927 800 1309 848 DIPHTHONGS.

309 925 371 970 In
401 907 924 971 Marius'Victorinus
952 940 1025 972 we
1052 925 1160 973 find
1187 926 1504 990 diphthongs
1532 928 1649 975 thus
1677 929 1912 978 defined:

311 1032 424 1091 [Mar.
445 1044 536 1076 vict.
557 1043 735 1084 Gaisford‚
756 1045 785 1076 Ι.
805 1056 837 1077 ν.
859 1038 932 1096 54.]
1001 1036 1136 1078 Duae
1172 1036 1291 1078 inter
1319 1050 1368 1079 se
1392 1037 1579 1080 vocales
1606 1037 1793 1095 jugatae
1819 1053 1871 1083 ac
1897 1039 1983 1084 sub

236 1110 370 1153 unius
394 1110 522 1153 vocis
547 1110 862 1154 enuntiatione
886 1111 1095 1167 prolatae
1120 1111 1349 1170 syllabam
1381 1113 1559 1156 faciunt
1583 1122 1747 1157 natura
1780 1115 1980 1173 longam,

236 1201 374 1244 quam
418 1187 587 1230 Graeci
626 1187 955 1245 diphthongon
996 1195 1181 1241 vocant,
1223 1188 1365 1232 veluti
1409 1190 1624 1246 geminae
1669 1192 1797 1235 vocis
1843 1208 1983 1236 unum

235 1278 414 1316 sonum,
452 1270 501 1307 ut
533 1275 603 1319 ae,
641 1275 708 1319 oe,
745 1277 824 1309 au.

305 1387 425 1434 And
452 1402 591 1434 more
618 1387 743 1451 fully
771 1387 821 1434 in
850 1388 936 1435 the
963 1388 1226 1452 following
1251 1391 1538 1453 paragraph
1560 1411 1568 1438 :

309 1496 422 1555 [Mar.
442 1507 533 1540 Vict.
555 1506 734 1548 Gaisford‚
757 1509 785 1540 Ι.
805 1519 839 1540 v.
857 1501 911 1559 6.]
980 1499 1099 1542 Sunt
1131 1498 1297 1556 longae
1332 1501 1601 1544 naturaliter
1629 1502 1848 1559 syllabae,
1877 1518 1980 1546 cum

234 1574 352 1617 duae
377 1573 564 1617 vocales
587 1573 851 1631 junguntur,
874 1589 990 1631 quas
1015 1575 1220 1633 syllabas
1248 1577 1417 1619 Graeci
1440 1578 1757 1636 &phthongos
1780 1588 1980 1634 vocant;

234 1658 283 1694 ut
305 1662 375 1706 ae,
396 1662 464 1706 oe,
491 1663 570 1706 au,
591 1663 667 1706 eu,
693 1651 738 1695 ei
761 1666 769 1694 :
806 1665 914 1693 nam
937 1651 1042 1694 illae
1067 1651 1345 1710 diphthongi
1372 1667 1462 1696 non
1490 1662 1595 1697 sunt
1619 1669 1738 1711 quae
1763 1656 1877 1699 fiunt
1899 1671 1981 1713 per

232 1727 420 1770 vocales
444 1727 547 1770 loco
572 1728 928 1770 consonantium
953 1728 1129 1784 positas
1152 1744 1160 1783 3
1197 1735 1246 1772 ut
1268 1729 1332 1786 ia,
1359 1730 1419 1786 ie,
1447 1730 1500 1787 ii,
1528 1731 1589 1787 io,
1616 1732 1684 1788 iu,
1711 1745 1788 1788 va,
1808 1745 1882 1789 ve,
1908 1734 1976 1790 vi,

231 1816 307 1859 vo,
333 1817 416 1849 vu.

303 1931 372 1978 Of
397 1930 542 1977 these
570 1929 887 1993 diphthongs
915 1942 980 1978 eu
1006 1947 1201 1991 occurs,
1225 1942 1492 1995 ——except
1519 1934 1570 1980 in
1598 1935 1769 1982 Greek
1796 1937 1975 1995 words,

229 2014 439 2078 —only
465 2013 516 2061 in
551 2015 684 2073 lzeus,
721 2015 826 2073 lzezc,
864 2016 1012 2071 estem,-
1049 2015 1101 2062 in
1136 2033 1231 2075 seu,
1264 2033 1355 2076 ceu,
1391 2034 1495 2065 neu.
1575 2020 1635 2065 In
1674 2027 1842 2066 neuter
1875 2021 1977 2067 and

229 2100 508 2160 neutiquam
537 2098 623 2145 the
650 2109 677 2145 e
705 2097 747 2145 is
774 2099 1026 2163 probably
1052 2099 1237 2147 elided.

300 2182 631 2245 Diphthongs
671 2182 865 2245 ending
899 2182 949 2229 in
985 2180 1022 2242 i,
1058 2183 1167 2242 viz„
1203 2181 1270 2243 ei,
1306 2182 1373 2244 Oi,
1408 2182 1482 2244 ui,
1521 2201 1674 2232 occur
1709 2187 1828 2250 only
1862 2186 1912 2233 in
1948 2204 1977 2234 a

225 2266 323 2313 few
350 2266 705 2330 interjections
734 2267 836 2314 and
863 2266 915 2313 in
943 2282 1089 2314 cases
1118 2267 1172 2314 of
1197 2268 1533 2317 contractiori.

296 2350 461 2398 While
502 2350 552 2397 in
591 2350 951 2413 pronouncing
985 2350 1070 2398 the
1107 2351 1398 2414 diphthong
1428 2352 1513 2399 the
1553 2353 1719 2400 sound
1759 2354 1812 2400 of
1849 2354 1975 2401 both

225 2433 414 2481 vowels
440 2450 543 2481 was
582 2441 635 2481 to
668 2449 809 2481 some
849 2442 1025 2481 extent
1063 2435 1353 2497 preserved,
1384 2435 1527 2483 there
1560 2452 1643 2483 are
1671 2452 1824 2500 many
1850 2436 1975 2484 indi-

226 2517 425 2565 cations
464 2517 575 2565 that
617 2516 692 2582 (in
730 2517 1049 2565 accordance
1087 2518 1207 2565 with
1246 2519 1332 2566 the
1373 2526 1571 2566 custom
1610 2520 1665 2567 of
1700 2520 1909 2583 making
1947 2536 1975 2566 a

224 2601 384 2648 vowel
423 2601 599 2649 before
639 2601 856 2649 another
894 2601 1053 2649 vowel
1099 2602 1265 2668 short)
1307 2603 1393 2650 the
1438 2604 1548 2650 first
1586 2603 1745 2650 vowel
1790 2605 1843 2651 of
1886 2605 1972 2651 the

225 2684 517 2748 diphthong
548 2701 651 2732 was
689 2685 943 2733 hastened
978 2702 1100 2733 over
1132 2687 1233 2734 and
1267 2686 1352 2734 the
1388 2687 1581 2734 second
1613 2687 1848 2735 received
1885 2688 1972 2735 the

224 2775 399 2816 stress.
463 2770 538 2816 As
565 2768 617 2815 in
644 2769 857 2816 modern
880 2770 1053 2817 Greek
1071 2786 1144 2817 we
1170 2770 1277 2818 find
1304 2770 1370 2817 all
1392 2770 1707 2834 diphthongs
1734 2772 1845 2819 that
1871 2772 1972 2819 end

224 2850 275 2897 in
304 2853 401 2899 iola
427 2853 763 2914 pronounced
790 2869 847 2901 as
875 2853 1056 2916 simple
1083 2852 1120 2914 i,
1152 2870 1208 2901 so
1237 2854 1289 2901 in
1317 2854 1466 2902 Latin
1495 2855 1637 2903 there
1665 2871 1749 2903 are
1777 2871 1972 2903 numer—

223 2951 316 2983 ous
345 2935 620 2996 instances,
650 2936 828 2984 before
868 2938 971 2985 and
1011 2937 1197 3001 during
1233 2938 1319 2985 the
1359 2938 1544 2986 classic
1580 2938 1774 3000 period,
1804 2940 1858 2985 of
1883 2940 1969 2986 the

223 3034 314 3065 use
342 3019 396 3066 of
420 3031 447 3066 e
472 3019 552 3067 for
577 3031 640 3067 ae
667 3036 723 3067 or
749 3031 820 3079 oe,
851 3021 954 3068 and
981 3021 1020 3068 it
1046 3021 1088 3068 is
1115 3029 1168 3068 to
1194 3021 1258 3068 be
1293 3022 1451 3069 noted
1482 3022 1592 3069 that
1626 3022 1676 3068 in
1705 3022 1790 3069 the
1818 3022 1969 3069 latest

223 3102 445 3165 spelling
469 3114 496 3150 e
522 3103 786 3167 generally
810 3104 1045 3166 prevails.
